|j|☆mentalsoft
|j|☆34.NiDo
|t:|1643978392
|gametype|singles
|player|p1|mentalsoft|mentalsoft.gif|
|player|p2|34.NiDo|pokemaniac|
|teamsize|p1|6
|teamsize|p2|6
|gen|5
|tier|[Gen 5] OU
|rule|Species Clause: Limit one of each Pokémon
|rule|OHKO Clause: OHKO moves are banned
|rule|Moody Clause: Moody is banned
|rule|Evasion Moves Clause: Evasion moves are banned
|rule|Endless Battle Clause: Forcing endless battles is banned
|rule|HP Percentage Mod: HP is shown in percentages
|rule|Evasion Abilities Clause: Evasion abilities are banned
|rule|Sleep Clause: Sleep-inducing moves are banned
|rule|Swagger Clause: Swagger is banned
|clearpoke
|poke|p1|Skarmory, M|item
|poke|p1|Garchomp, M|item
|poke|p1|Terrakion|item
|poke|p1|Gengar, M|item
|poke|p1|Jirachi|item
|poke|p1|Latios, M|item
|poke|p2|Crobat, M|item
|poke|p2|Excadrill, M|item
|poke|p2|Tyranitar, F|item
|poke|p2|Gastrodon, M|item
|poke|p2|Durant, M|item
|poke|p2|Serperior, M|item
|teampreview
|c|☆mentalsoft|hf
|
|t:|1643978417
|start
|switch|p1a: Jirachi|Jirachi|100/100
|switch|p2a: Crobat|Crobat, M|100/100
|turn|1
|
|t:|1643978439
|move|p1a: Jirachi|Iron Head|p2a: Crobat
|-damage|p2a: Crobat|50/100
|move|p2a: Crobat|Nasty Plot|p2a: Crobat
|-boost|p2a: Crobat|spa|2
|
|-heal|p2a: Crobat|56/100|[from] item: Black Sludge
|upkeep
|turn|2
|
|t:|1643978447
|move|p1a: Jirachi|Iron Head|p2a: Crobat
|-damage|p2a: Crobat|11/100
|cant|p2a: Crobat|flinch
|
|-heal|p2a: Crobat|17/100|[from] item: Black Sludge
|upkeep
|turn|3
|
|t:|1643978463
|switch|p2a: Gastrodon|Gastrodon, M|100/100
|move|p1a: Jirachi|Iron Head|p2a: Gastrodon
|-resisted|p2a: Gastrodon
|-damage|p2a: Gastrodon|88/100
|-damage|p1a: Jirachi|84/100|[from] item: Rocky Helmet|[of] p2a: Gastrodon
|
|upkeep
|turn|4
|j| Pilgrim's road
|
|t:|1643978475
|switch|p1a: Skarmory|Skarmory, M|100/100
|move|p2a: Gastrodon|Scald|p1a: Skarmory
|-damage|p1a: Skarmory|57/100
|
|upkeep
|turn|5
|
|t:|1643978482
|switch|p2a: Excadrill|Excadrill, M, shiny|100/100
|-ability|p2a: Excadrill|Mold Breaker
|move|p1a: Skarmory|Stealth Rock|p2a: Excadrill
|-sidestart|p2: 34.NiDo|move: Stealth Rock
|
|upkeep
|turn|6
|l| Pilgrim's road
|
|t:|1643978490
|switch|p1a: Gengar|Gengar, M|100/100
|move|p2a: Excadrill|Rapid Spin|p1a: Gengar
|-immune|p1a: Gengar
|
|upkeep
|turn|7
|
|t:|1643978505
|switch|p2a: Tyranitar|Tyranitar, F|100/100
|-damage|p2a: Tyranitar|88/100|[from] Stealth Rock
|-weather|Sandstorm|[from] ability: Sand Stream|[of] p2a: Tyranitar
|move|p1a: Gengar|Substitute|p1a: Gengar
|-start|p1a: Gengar|Substitute
|-damage|p1a: Gengar|76/100
|
|-weather|Sandstorm|[upkeep]
|-damage|p1a: Gengar|69/100|[from] Sandstorm
|-heal|p1a: Gengar|76/100|[from] item: Black Sludge
|-heal|p2a: Tyranitar|94/100|[from] item: Leftovers
|upkeep
|turn|8
|
|t:|1643978516
|move|p1a: Gengar|Focus Blast|p2a: Tyranitar
|-supereffective|p2a: Tyranitar
|-damage|p2a: Tyranitar|7/100
|move|p2a: Tyranitar|Rock Slide|p1a: Gengar
|-end|p1a: Gengar|Substitute
|
|-weather|Sandstorm|[upkeep]
|-damage|p1a: Gengar|69/100|[from] Sandstorm
|-heal|p1a: Gengar|76/100|[from] item: Black Sludge
|-heal|p2a: Tyranitar|13/100|[from] item: Leftovers
|upkeep
|turn|9
|
|t:|1643978552
|switch|p2a: Gastrodon|Gastrodon, M|88/100
|-damage|p2a: Gastrodon|82/100|[from] Stealth Rock
|move|p1a: Gengar|Shadow Ball|p2a: Gastrodon
|-damage|p2a: Gastrodon|40/100
|
|-weather|Sandstorm|[upkeep]
|-damage|p1a: Gengar|69/100|[from] Sandstorm
|-heal|p1a: Gengar|76/100|[from] item: Black Sludge
|upkeep
|turn|10
|
|t:|1643978561
|move|p1a: Gengar|Shadow Ball|p2a: Gastrodon
|-damage|p2a: Gastrodon|2/100
|move|p2a: Gastrodon|Recover|p2a: Gastrodon
|-heal|p2a: Gastrodon|52/100
|
|-weather|Sandstorm|[upkeep]
|-damage|p1a: Gengar|69/100|[from] Sandstorm
|-heal|p1a: Gengar|76/100|[from] item: Black Sludge
|upkeep
|turn|11
|
|t:|1643978601
|move|p1a: Gengar|Disable|p2a: Gastrodon
|-start|p2a: Gastrodon|Disable|Recover
|cant|p2a: Gastrodon|Disable|Recover
|
|-weather|Sandstorm|[upkeep]
|-damage|p1a: Gengar|69/100|[from] Sandstorm
|-heal|p1a: Gengar|76/100|[from] item: Black Sludge
|upkeep
|turn|12
|
|t:|1643978608
|move|p1a: Gengar|Shadow Ball|p2a: Gastrodon
|-damage|p2a: Gastrodon|12/100
|move|p2a: Gastrodon|Scald|p1a: Gengar
|-damage|p1a: Gengar|37/100
|
|-weather|Sandstorm|[upkeep]
|-damage|p1a: Gengar|30/100|[from] Sandstorm
|-heal|p1a: Gengar|37/100|[from] item: Black Sludge
|upkeep
|turn|13
|
|t:|1643978618
|move|p1a: Gengar|Shadow Ball|p2a: Gastrodon
|-damage|p2a: Gastrodon|0 fnt
|faint|p2a: Gastrodon
|
|-weather|Sandstorm|[upkeep]
|-damage|p1a: Gengar|30/100|[from] Sandstorm
|-heal|p1a: Gengar|37/100|[from] item: Black Sludge
|upkeep
|
|t:|1643978622
|switch|p2a: Crobat|Crobat, M|17/100
|-damage|p2a: Crobat|0 fnt|[from] Stealth Rock
|faint|p2a: Crobat
|
|t:|1643978631
|switch|p2a: Excadrill|Excadrill, M, shiny|100/100
|-damage|p2a: Excadrill|97/100|[from] Stealth Rock
|-ability|p2a: Excadrill|Mold Breaker
|turn|14
|
|t:|1643978639
|move|p1a: Gengar|Focus Blast|p2a: Excadrill
|-supereffective|p2a: Excadrill
|-damage|p2a: Excadrill|0 fnt
|faint|p2a: Excadrill
|
|-weather|Sandstorm|[upkeep]
|-damage|p1a: Gengar|30/100|[from] Sandstorm
|-heal|p1a: Gengar|37/100|[from] item: Black Sludge
|upkeep
|
|t:|1643978655
|switch|p2a: Tyranitar|Tyranitar, F|13/100
|-damage|p2a: Tyranitar|1/100|[from] Stealth Rock
|turn|15
|
|t:|1643978660
|move|p1a: Gengar|Shadow Ball|p2a: Tyranitar
|-resisted|p2a: Tyranitar
|-damage|p2a: Tyranitar|0 fnt
|faint|p2a: Tyranitar
|
|-weather|Sandstorm|[upkeep]
|-damage|p1a: Gengar|30/100|[from] Sandstorm
|-heal|p1a: Gengar|37/100|[from] item: Black Sludge
|upkeep
|
|t:|1643978662
|switch|p2a: Durant|Durant, M|100/100
|-damage|p2a: Durant|88/100|[from] Stealth Rock
|turn|16
|j| swz111
|l| swz111
|j| Pilgrim's Road
|l| Pilgrim's Road
|
|t:|1643978737
|move|p1a: Gengar|Substitute|p1a: Gengar
|-start|p1a: Gengar|Substitute
|-damage|p1a: Gengar|12/100
|move|p2a: Durant|Entrainment||[still]
|-fail|p2a: Durant
|
|-weather|Sandstorm|[upkeep]
|-damage|p1a: Gengar|5/100|[from] Sandstorm
|-heal|p1a: Gengar|12/100|[from] item: Black Sludge
|upkeep
|turn|17
|
|t:|1643978742
|move|p1a: Gengar|Shadow Ball|p2a: Durant
|-resisted|p2a: Durant
|-damage|p2a: Durant|51/100
|cant|p2a: Durant|ability: Truant
|
|-weather|Sandstorm|[upkeep]
|-damage|p1a: Gengar|5/100|[from] Sandstorm
|-heal|p1a: Gengar|12/100|[from] item: Black Sludge
|upkeep
|turn|18
|j| emzzf
|
|t:|1643978747
|move|p1a: Gengar|Shadow Ball|p2a: Durant
|-resisted|p2a: Durant
|-damage|p2a: Durant|13/100
|move|p2a: Durant|Endeavor|p1a: Gengar
|-immune|p1a: Gengar
|
|-weather|Sandstorm|[upkeep]
|-damage|p1a: Gengar|5/100|[from] Sandstorm
|-heal|p1a: Gengar|12/100|[from] item: Black Sludge
|upkeep
|turn|19
|
|t:|1643978757
|move|p1a: Gengar|Shadow Ball|p2a: Durant
|-resisted|p2a: Durant
|-damage|p2a: Durant|0 fnt
|faint|p2a: Durant
|
|-weather|Sandstorm|[upkeep]
|-damage|p1a: Gengar|5/100|[from] Sandstorm
|-heal|p1a: Gengar|12/100|[from] item: Black Sludge
|upkeep
|
|t:|1643978759
|switch|p2a: Serperior|Serperior, M|100/100
|-damage|p2a: Serperior|88/100|[from] Stealth Rock
|turn|20
|
|t:|1643978765
|move|p2a: Serperior|Protect|p2a: Serperior
|-singleturn|p2a: Serperior|Protect
|move|p1a: Gengar|Shadow Ball|p2a: Serperior
|-activate|p2a: Serperior|move: Protect
|
|-weather|Sandstorm|[upkeep]
|-damage|p2a: Serperior|82/100|[from] Sandstorm
|-damage|p1a: Gengar|5/100|[from] Sandstorm
|-heal|p1a: Gengar|12/100|[from] item: Black Sludge
|upkeep
|turn|21
|
|t:|1643978771
|move|p2a: Serperior|Calm Mind|p2a: Serperior
|-boost|p2a: Serperior|spa|1
|-boost|p2a: Serperior|spd|1
|move|p1a: Gengar|Shadow Ball|p2a: Serperior
|-damage|p2a: Serperior|50/100
|
|-weather|Sandstorm|[upkeep]
|-damage|p2a: Serperior|44/100|[from] Sandstorm
|-damage|p1a: Gengar|5/100|[from] Sandstorm
|-heal|p1a: Gengar|12/100|[from] item: Black Sludge
|upkeep
|turn|22
|
|t:|1643978777
|move|p2a: Serperior|Giga Drain|p1a: Gengar
|-resisted|p1a: Gengar
|-end|p1a: Gengar|Substitute
|-heal|p2a: Serperior|55/100|[from] drain|[of] p1a: Gengar
|-damage|p2a: Serperior|45/100|[from] item: Life Orb
|move|p1a: Gengar|Shadow Ball|p2a: Serperior
|-damage|p2a: Serperior|13/100
|
|-weather|Sandstorm|[upkeep]
|-damage|p2a: Serperior|7/100|[from] Sandstorm
|-damage|p1a: Gengar|5/100|[from] Sandstorm
|-heal|p1a: Gengar|12/100|[from] item: Black Sludge
|upkeep
|turn|23
|
|t:|1643978785
|move|p2a: Serperior|Giga Drain|p1a: Gengar
|-resisted|p1a: Gengar
|-damage|p1a: Gengar|0 fnt
|-heal|p2a: Serperior|12/100|[from] drain|[of] p1a: Gengar
|faint|p1a: Gengar
|-damage|p2a: Serperior|2/100|[from] item: Life Orb
|
|-weather|Sandstorm|[upkeep]
|-damage|p2a: Serperior|0 fnt|[from] Sandstorm
|faint|p2a: Serperior
|
|win|mentalsoft
|upkeep
|l|☆34.NiDo
