|j|☆Hurtadoo
|j|☆brewfasa
|t:|1639320227
|gametype|singles
|player|p1|Hurtadoo|erika|
|player|p2|brewfasa|jasmine|
|teamsize|p1|6
|teamsize|p2|6
|gen|5
|tier|[Gen 5] LC
|rule|Species Clause: Limit one of each Pokémon
|rule|OHKO Clause: OHKO moves are banned
|rule|Moody Clause: Moody is banned
|rule|Evasion Moves Clause: Evasion moves are banned
|rule|Endless Battle Clause: Forcing endless battles is banned
|rule|HP Percentage Mod: HP is shown in percentages
|rule|Sleep Clause: Sleep-inducing moves are banned
|clearpoke
|poke|p1|Snover, L5, F|item
|poke|p1|Natu, L5, M|item
|poke|p1|Mienfoo, L5, F|item
|poke|p1|Timburr, L5, F|item
|poke|p1|Pawniard, L5, F|item
|poke|p1|Porygon, L5|item
|poke|p2|Porygon, L5|item
|poke|p2|Mienfoo, L5, M|item
|poke|p2|Pawniard, L5, M|item
|poke|p2|Frillish, L5, F|item
|poke|p2|Diglett, L5, M|item
|poke|p2|Natu, L5, F|item
|teampreview
|c|☆brewfasa|gl
|c|☆Hurtadoo|Hf
|j| Daruma
|
|t:|1639320290
|start
|switch|p1a: Natu|Natu, L5, M|100/100
|switch|p2a: Frillish|Frillish, L5, F|100/100
|turn|1
|
|t:|1639320300
|switch|p1a: Porygon|Porygon, L5|100/100
|-ability|p1a: Porygon|Cursed Body|[from] ability: Trace|[of] p2a: Frillish
|move|p2a: Frillish|Scald|p1a: Porygon
|-damage|p1a: Porygon|77/100
|-status|p1a: Porygon|brn
|-start|p2a: Frillish|Disable|Scald|[from] ability: Cursed Body|[of] p1a: Porygon
|
|-damage|p1a: Porygon|66/100 brn|[from] brn
|upkeep
|turn|2
|j| Prodigezz
|j| joltage
|j| Toadow
|j| CMDoge
|j| Stecolomaxx
|j| Lokifan
|
|t:|1639320322
|switch|p1a: Mienfoo|Mienfoo, L5, F|100/100
|move|p2a: Frillish|Taunt|p1a: Mienfoo
|-start|p1a: Mienfoo|move: Taunt
|
|upkeep
|turn|3
|
|t:|1639320330
|move|p1a: Mienfoo|U-turn|p2a: Frillish
|-resisted|p2a: Frillish
|-damage|p2a: Frillish|92/100
|
|t:|1639320333
|switch|p1a: Snover|Snover, L5, F|100/100|[from]move: U-turn
|-weather|Hail|[from] ability: Snow Warning|[of] p1a: Snover
|move|p2a: Frillish|Will-O-Wisp|p1a: Snover
|-status|p1a: Snover|brn
|
|-weather|Hail|[upkeep]
|-damage|p2a: Frillish|88/100|[from] Hail
|-damage|p1a: Snover|92/100 brn|[from] brn
|upkeep
|turn|4
|j| Wail Wailord
|
|t:|1639320343
|move|p2a: Frillish|Recover|p2a: Frillish
|-heal|p2a: Frillish|100/100
|move|p1a: Snover|Blizzard|p2a: Frillish
|-resisted|p2a: Frillish
|-damage|p2a: Frillish|80/100
|
|-weather|Hail|[upkeep]
|-damage|p2a: Frillish|76/100|[from] Hail
|-damage|p1a: Snover|83/100 brn|[from] brn
|-end|p2a: Frillish|Disable
|upkeep
|turn|5
|l| Wail Wailord
|
|t:|1639320361
|switch|p2a: Mienfoo|Mienfoo, L5, M|100/100
|move|p1a: Snover|Giga Drain|p2a: Mienfoo
|-damage|p2a: Mienfoo|58/100
|-heal|p1a: Snover|100/100 brn|[from] drain|[of] p2a: Mienfoo
|
|-weather|Hail|[upkeep]
|-damage|p2a: Mienfoo|53/100|[from] Hail
|-damage|p1a: Snover|92/100 brn|[from] brn
|upkeep
|turn|6
|
|t:|1639320372
|switch|p1a: Natu|Natu, L5, M|100/100
|move|p2a: Mienfoo|U-turn|p1a: Natu
|-damage|p1a: Natu|79/100
|j| TaoTDW
|j| Wail Wailord
|j| Foukrou
|l| Wail Wailord
|j|+Kipkluif
|l|+Kipkluif
|c|☆Hurtadoo|Test
|
|t:|1639320455
|switch|p2a: Pawniard|Pawniard, L5, M|100/100|[from]move: U-turn
|
|-weather|Hail|[upkeep]
|-damage|p1a: Natu|74/100|[from] Hail
|-damage|p2a: Pawniard|96/100|[from] Hail
|upkeep
|turn|7
|
|t:|1639320463
|move|p1a: Natu|Heat Wave|p2a: Pawniard
|-supereffective|p2a: Pawniard
|-damage|p2a: Pawniard|39/100
|move|p2a: Pawniard|Knock Off|p1a: Natu
|-supereffective|p1a: Natu
|-damage|p1a: Natu|48/100
|-enditem|p1a: Natu|Eviolite|[from] move: Knock Off|[of] p2a: Pawniard
|
|-weather|Hail|[upkeep]
|-damage|p1a: Natu|44/100|[from] Hail
|-damage|p2a: Pawniard|34/100|[from] Hail
|upkeep
|turn|8
|j| Sciroccoo
|
|t:|1639320485
|switch|p2a: Porygon|Porygon, L5|100/100
|-ability|p2a: Porygon|Magic Bounce|[from] ability: Trace|[of] p1a: Natu
|move|p1a: Natu|Roost|p1a: Natu
|-heal|p1a: Natu|96/100
|-singleturn|p1a: Natu|move: Roost
|
|-weather|Hail|[upkeep]
|-damage|p1a: Natu|92/100|[from] Hail
|-damage|p2a: Porygon|97/100|[from] Hail
|upkeep
|turn|9
|
|t:|1639320499
|switch|p1a: Pawniard|Pawniard, L5, F|100/100
|move|p2a: Porygon|Thunderbolt|p1a: Pawniard
|-crit|p1a: Pawniard
|-damage|p1a: Pawniard|0 fnt
|faint|p1a: Pawniard
|
|-weather|Hail|[upkeep]
|-damage|p2a: Porygon|93/100|[from] Hail
|upkeep
|
|t:|1639320508
|switch|p1a: Timburr|Timburr, L5, F|100/100
|turn|10
|c|☆brewfasa|dam sorry
|
|t:|1639320534
|switch|p2a: Mienfoo|Mienfoo, L5, M|86/100
|move|p1a: Timburr|Drain Punch|p2a: Mienfoo
|-damage|p2a: Mienfoo|53/100
|
|-weather|Hail|[upkeep]
|-damage|p2a: Mienfoo|48/100|[from] Hail
|-damage|p1a: Timburr|96/100|[from] Hail
|upkeep
|turn|11
|l|☆Hurtadoo
|player|p1|
|j|☆Hurtadoo
|player|p1|Hurtadoo|erika
|
|t:|1639320578
|switch|p1a: Natu|Natu, L5, M|92/100
|move|p2a: Mienfoo|U-turn|p1a: Natu
|-damage|p1a: Natu|53/100
|
|t:|1639320588
|switch|p2a: Diglett|Diglett, L5, M|100/100|[from]move: U-turn
|
|-weather|Hail|[upkeep]
|-damage|p2a: Diglett|95/100|[from] Hail
|-damage|p1a: Natu|48/100|[from] Hail
|upkeep
|turn|12
|l| Stecolomaxx
|j| Stecolomaxx
|
|t:|1639320605
|switch|p1a: Timburr|Timburr, L5, F|96/100
|move|p2a: Diglett|Rock Slide|p1a: Timburr
|-resisted|p1a: Timburr
|-damage|p1a: Timburr|80/100
|-damage|p2a: Diglett|89/100|[from] item: Life Orb
|
|-weather|Hail|[upkeep]
|-damage|p2a: Diglett|84/100|[from] Hail
|-damage|p1a: Timburr|76/100|[from] Hail
|upkeep
|turn|13
|
|t:|1639320627
|switch|p2a: Frillish|Frillish, L5, F|76/100
|move|p1a: Timburr|Ice Punch|p2a: Frillish
|-resisted|p2a: Frillish
|-damage|p2a: Frillish|68/100
|
|-weather|Hail|[upkeep]
|-damage|p2a: Frillish|64/100|[from] Hail
|-damage|p1a: Timburr|72/100|[from] Hail
|upkeep
|turn|14
|j|@C oconut
|
|t:|1639320637
|switch|p1a: Snover|Snover, L5, F|92/100 brn
|move|p2a: Frillish|Recover|p2a: Frillish
|-heal|p2a: Frillish|100/100
|
|-weather|Hail|[upkeep]
|-damage|p2a: Frillish|96/100|[from] Hail
|-damage|p1a: Snover|83/100 brn|[from] brn
|upkeep
|turn|15
|j| daunt vs
|
|t:|1639320657
|switch|p2a: Mienfoo|Mienfoo, L5, M|81/100
|move|p1a: Snover|Blizzard|p2a: Mienfoo
|-damage|p2a: Mienfoo|20/100
|
|-weather|Hail|[upkeep]
|-damage|p2a: Mienfoo|15/100|[from] Hail
|-damage|p1a: Snover|74/100 brn|[from] brn
|upkeep
|turn|16
|j|+Staxi
|
|t:|1639320704
|switch|p2a: Pawniard|Pawniard, L5, M|34/100
|move|p1a: Snover|Ice Shard|p2a: Pawniard
|-resisted|p2a: Pawniard
|-damage|p2a: Pawniard|29/100
|
|-weather|Hail|[upkeep]
|-damage|p2a: Pawniard|24/100|[from] Hail
|-damage|p1a: Snover|66/100 brn|[from] brn
|upkeep
|turn|17
|
|t:|1639320712
|switch|p1a: Natu|Natu, L5, M|48/100
|move|p2a: Pawniard|Iron Head|p1a: Natu
|-damage|p1a: Natu|0 fnt
|faint|p1a: Natu
|
|-weather|Hail|[upkeep]
|-damage|p2a: Pawniard|20/100|[from] Hail
|upkeep
|
|t:|1639320727
|switch|p1a: Mienfoo|Mienfoo, L5, F|100/100
|turn|18
|l| Stecolomaxx
|
|t:|1639320748
|move|p2a: Pawniard|Sucker Punch|p1a: Mienfoo
|-resisted|p1a: Mienfoo
|-damage|p1a: Mienfoo|67/100
|move|p1a: Mienfoo|U-turn|p2a: Pawniard
|-damage|p2a: Pawniard|0 fnt
|faint|p2a: Pawniard
|j| gali
|
|t:|1639320759
|switch|p1a: Timburr|Timburr, L5, F|72/100|[from]move: U-turn
|
|-weather|Hail|[upkeep]
|-damage|p1a: Timburr|68/100|[from] Hail
|upkeep
|
|t:|1639320805
|switch|p2a: Natu|Natu, L5, F|100/100
|turn|19
|
|t:|1639320809
|move|p2a: Natu|Psychic|p1a: Timburr
|-supereffective|p1a: Timburr
|-damage|p1a: Timburr|12/100
|move|p1a: Timburr|Payback|p2a: Natu
|-supereffective|p2a: Natu
|-damage|p2a: Natu|31/100
|
|-weather|Hail|[upkeep]
|-damage|p2a: Natu|27/100|[from] Hail
|-damage|p1a: Timburr|8/100|[from] Hail
|upkeep
|turn|20
|
|t:|1639320822
|move|p2a: Natu|Psychic|p1a: Timburr
|-supereffective|p1a: Timburr
|-damage|p1a: Timburr|0 fnt
|faint|p1a: Timburr
|
|-weather|Hail|[upkeep]
|-damage|p2a: Natu|22/100|[from] Hail
|upkeep
|
|t:|1639320829
|switch|p1a: Mienfoo|Mienfoo, L5, F|100/100
|turn|21
|
|t:|1639320839
|switch|p2a: Frillish|Frillish, L5, F|96/100
|move|p1a: Mienfoo|Knock Off|p2a: Frillish
|-supereffective|p2a: Frillish
|-damage|p2a: Frillish|72/100
|-enditem|p2a: Frillish|Eviolite|[from] move: Knock Off|[of] p1a: Mienfoo
|
|-weather|Hail|[upkeep]
|-damage|p1a: Mienfoo|96/100|[from] Hail
|-damage|p2a: Frillish|68/100|[from] Hail
|upkeep
|turn|22
|
|t:|1639320859
|switch|p2a: Mienfoo|Mienfoo, L5, M|48/100
|move|p1a: Mienfoo|U-turn|p2a: Mienfoo
|-resisted|p2a: Mienfoo
|-damage|p2a: Mienfoo|39/100
|
|t:|1639320865
|switch|p1a: Snover|Snover, L5, F|66/100 brn|[from]move: U-turn
|
|-weather|Hail|[upkeep]
|-damage|p2a: Mienfoo|34/100|[from] Hail
|-damage|p1a: Snover|57/100 brn|[from] brn
|upkeep
|turn|23
|
|t:|1639320872
|switch|p1a: Mienfoo|Mienfoo, L5, F|100/100
|move|p2a: Mienfoo|U-turn|p1a: Mienfoo
|-resisted|p1a: Mienfoo
|-damage|p1a: Mienfoo|81/100
|l|+Staxi
|
|t:|1639320931
|switch|p2a: Diglett|Diglett, L5, M|84/100|[from]move: U-turn
|
|-weather|Hail|[upkeep]
|-damage|p2a: Diglett|78/100|[from] Hail
|-damage|p1a: Mienfoo|77/100|[from] Hail
|upkeep
|turn|24
|
|t:|1639320944
|move|p2a: Diglett|Earthquake|p1a: Mienfoo
|-damage|p1a: Mienfoo|0 fnt
|faint|p1a: Mienfoo
|-damage|p2a: Diglett|73/100|[from] item: Life Orb
|
|-weather|Hail|[upkeep]
|-damage|p2a: Diglett|67/100|[from] Hail
|upkeep
|
|t:|1639320946
|switch|p1a: Snover|Snover, L5, F|57/100 brn
|turn|25
|j| Stecolomaxx
|
|t:|1639320959
|move|p2a: Diglett|Rock Slide|p1a: Snover
|-supereffective|p1a: Snover
|-damage|p1a: Snover|0 fnt
|faint|p1a: Snover
|-damage|p2a: Diglett|62/100|[from] item: Life Orb
|
|-weather|Hail|[upkeep]
|-damage|p2a: Diglett|56/100|[from] Hail
|upkeep
|
|t:|1639320963
|switch|p1a: Porygon|Porygon, L5|66/100 brn
|-ability|p1a: Porygon|Arena Trap|[from] ability: Trace|[of] p2a: Diglett
|turn|26
|c|☆Hurtadoo|Gg mb team
|
|t:|1639320974
|move|p2a: Diglett|Earthquake|p1a: Porygon
|-crit|p1a: Porygon
|-damage|p1a: Porygon|0 fnt
|faint|p1a: Porygon
|-damage|p2a: Diglett|50/100|[from] item: Life Orb
|
|win|brewfasa
|c|☆brewfasa|gg
|l|☆Hurtadoo
|l| Prodigezz
|l| Daruma
|j| Boulicrok
|l| Stecolomaxx
|l| daunt vs
