|j|☆JadedJointRoller
|j|☆Ara
|t:|1636855902
|gametype|singles
|player|p1|JadedJointRoller|jasmine|
|player|p2|Ara|265|
|teamsize|p1|6
|teamsize|p2|6
|gen|5
|tier|[Gen 5] UU
|rated|Tournament battle
|rule|Species Clause: Limit one of each Pokémon
|rule|OHKO Clause: OHKO moves are banned
|rule|Moody Clause: Moody is banned
|rule|Evasion Moves Clause: Evasion moves are banned
|rule|Endless Battle Clause: Forcing endless battles is banned
|rule|HP Percentage Mod: HP is shown in percentages
|rule|Evasion Abilities Clause: Evasion abilities are banned
|rule|Swagger Clause: Swagger is banned
|rule|Sleep Clause Mod: Limit one foe put to sleep
|clearpoke
|poke|p1|Kingdra, M|item
|poke|p1|Kabutops, F|item
|poke|p1|Azelf|item
|poke|p1|Tornadus, M|item
|poke|p1|Raikou|item
|poke|p1|Heracross, M|item
|poke|p2|Venomoth, F|item
|poke|p2|Victini|item
|poke|p2|Cryogonal|item
|poke|p2|Rotom-Mow|item
|poke|p2|Swampert, F|item
|poke|p2|Mandibuzz, F|item
|teampreview
|inactive|Battle timer is ON: inactive players will automatically lose when time's up. (requested by Ara)
|j| CryNow%
|j| Niko1022
|c| Niko1022|gl hf
|c|☆JadedJointRoller|Hf
|inactive|JadedJointRoller has 120 seconds left.
|
|t:|1636855934
|start
|switch|p1a: Tornadus|Tornadus, M|100/100
|switch|p2a: SCENARIO|Victini|100/100
|turn|1
|
|t:|1636855944
|move|p1a: Tornadus|Rain Dance|p1a: Tornadus
|-weather|RainDance
|move|p2a: SCENARIO|Bolt Strike|p1a: Tornadus
|-supereffective|p1a: Tornadus
|-damage|p1a: Tornadus|0 fnt
|faint|p1a: Tornadus
|
|-weather|RainDance|[upkeep]
|upkeep
|
|t:|1636855957
|switch|p1a: Kabutops|Kabutops, F|100/100
|turn|2
|
|t:|1636855967
|switch|p2a: SKYPAGER|Mandibuzz, F|100/100
|move|p1a: Kabutops|Waterfall|p2a: SKYPAGER
|-damage|p2a: SKYPAGER|44/100
|-damage|p1a: Kabutops|91/100|[from] item: Life Orb
|
|-weather|RainDance|[upkeep]
|-heal|p2a: SKYPAGER|50/100|[from] item: Leftovers
|upkeep
|turn|3
|
|t:|1636855974
|move|p1a: Kabutops|Waterfall|p2a: SKYPAGER
|-damage|p2a: SKYPAGER|0 fnt
|faint|p2a: SKYPAGER
|-damage|p1a: Kabutops|81/100|[from] item: Life Orb
|
|-weather|RainDance|[upkeep]
|upkeep
|
|t:|1636855980
|switch|p2a: BUTTER|Swampert, F|100/100
|turn|4
|
|t:|1636855999
|switch|p1a: Kingdra|Kingdra, M|100/100
|move|p2a: BUTTER|Earthquake|p1a: Kingdra
|-damage|p1a: Kingdra|53/100
|
|-weather|RainDance|[upkeep]
|upkeep
|turn|5
|
|t:|1636856007
|move|p1a: Kingdra|Hydro Pump|p2a: BUTTER|[miss]
|-miss|p1a: Kingdra|p2a: BUTTER
|move|p2a: BUTTER|Toxic|p1a: Kingdra
|-status|p1a: Kingdra|tox
|
|-weather|RainDance|[upkeep]
|-damage|p1a: Kingdra|47/100 tox|[from] psn
|upkeep
|turn|6
|
|t:|1636856010
|move|p1a: Kingdra|Hydro Pump|p2a: BUTTER
|-damage|p2a: BUTTER|0 fnt
|faint|p2a: BUTTER
|
|-weather|RainDance|[upkeep]
|-damage|p1a: Kingdra|34/100 tox|[from] psn
|upkeep
|
|t:|1636856015
|switch|p2a: SHOW BUSINESS|Cryogonal|100/100
|turn|7
|
|t:|1636856021
|switch|p1a: Raikou|Raikou, shiny|100/100
|-ability|p1a: Raikou|Pressure
|move|p2a: SHOW BUSINESS|Ice Beam|p1a: Raikou
|-damage|p1a: Raikou|64/100
|
|-weather|RainDance|[upkeep]
|upkeep
|turn|8
|
|t:|1636856029
|move|p1a: Raikou|Thunder|p2a: SHOW BUSINESS
|-damage|p2a: SHOW BUSINESS|60/100
|move|p2a: SHOW BUSINESS|Ice Beam|p1a: Raikou
|-damage|p1a: Raikou|31/100
|
|-weather|none
|-heal|p2a: SHOW BUSINESS|66/100|[from] item: Leftovers
|upkeep
|turn|9
|
|t:|1636856043
|move|p1a: Raikou|Volt Switch|p2a: SHOW BUSINESS
|-crit|p2a: SHOW BUSINESS
|-damage|p2a: SHOW BUSINESS|20/100
|
|t:|1636856048
|switch|p1a: Heracross|Heracross, M|100/100|[from]move: Volt Switch
|move|p2a: SHOW BUSINESS|Ice Beam|p1a: Heracross
|-damage|p1a: Heracross|68/100
|
|-heal|p2a: SHOW BUSINESS|26/100|[from] item: Leftovers
|upkeep
|turn|10
|
|t:|1636856060
|move|p1a: Heracross|Megahorn|p2a: SHOW BUSINESS
|-damage|p2a: SHOW BUSINESS|0 fnt
|faint|p2a: SHOW BUSINESS
|
|upkeep
|
|t:|1636856065
|switch|p2a: SCENARIO|Victini|100/100
|turn|11
|
|t:|1636856069
|move|p2a: SCENARIO|Zen Headbutt|p1a: Heracross
|-supereffective|p1a: Heracross
|-damage|p1a: Heracross|0 fnt
|faint|p1a: Heracross
|
|upkeep
|
|t:|1636856072
|switch|p1a: Azelf|Azelf|100/100
|turn|12
|
|t:|1636856075
|switch|p2a: EXCURSION|Rotom-Mow|100/100
|move|p1a: Azelf|Rain Dance|p1a: Azelf
|-weather|RainDance
|
|-weather|RainDance|[upkeep]
|upkeep
|turn|13
|
|t:|1636856080
|move|p2a: EXCURSION|Leaf Storm|p1a: Azelf
|-damage|p1a: Azelf|5/100
|-unboost|p2a: EXCURSION|spa|2
|move|p1a: Azelf|Explosion|p2a: EXCURSION
|-damage|p2a: EXCURSION|15/100
|faint|p1a: Azelf
|
|-weather|RainDance|[upkeep]
|upkeep
|
|t:|1636856087
|switch|p1a: Raikou|Raikou, shiny|31/100
|-ability|p1a: Raikou|Pressure
|turn|14
|
|t:|1636856090
|move|p2a: EXCURSION|Leaf Storm|p1a: Raikou|[miss]
|-miss|p2a: EXCURSION|p1a: Raikou
|move|p1a: Raikou|Volt Switch|p2a: EXCURSION
|-resisted|p2a: EXCURSION
|-damage|p2a: EXCURSION|3/100
|
|t:|1636856094
|switch|p1a: Kingdra|Kingdra, M|34/100 tox|[from]move: Volt Switch
|
|-weather|RainDance|[upkeep]
|-damage|p1a: Kingdra|28/100 tox|[from] psn
|upkeep
|turn|15
|
|t:|1636856098
|move|p1a: Kingdra|Surf|p2a: EXCURSION
|-resisted|p2a: EXCURSION
|-damage|p2a: EXCURSION|0 fnt
|faint|p2a: EXCURSION
|
|-weather|RainDance|[upkeep]
|-damage|p1a: Kingdra|16/100 tox|[from] psn
|upkeep
|
|t:|1636856101
|switch|p2a: SCENARIO|Victini|100/100
|turn|16
|
|t:|1636856105
|move|p1a: Kingdra|Surf|p2a: SCENARIO
|-supereffective|p2a: SCENARIO
|-damage|p2a: SCENARIO|0 fnt
|faint|p2a: SCENARIO
|
|-weather|RainDance|[upkeep]
|-damage|p1a: Kingdra|0 fnt|[from] psn
|faint|p1a: Kingdra
|upkeep
|
|t:|1636856109
|switch|p2a: BUGGIN OUT|Venomoth, F|100/100
|switch|p1a: Kabutops|Kabutops, F|81/100
|turn|17
|
|t:|1636856112
|move|p1a: Kabutops|Waterfall|p2a: BUGGIN OUT
|-damage|p2a: BUGGIN OUT|0 fnt
|faint|p2a: BUGGIN OUT
|-damage|p1a: Kabutops|71/100|[from] item: Life Orb
|
|win|JadedJointRoller
|n|☆JadedJointRoller|jadedjointroller
|n|☆Ara|ara
|n| CryNow%|crynow
|n| Niko1022|niko1022
