|j|☆BahamutLagoon
|j|☆Happygate
|t:|1643850362
|gametype|singles
|player|p1|BahamutLagoon|n|1317
|player|p2|Happygate|idol|1232
|teamsize|p1|6
|teamsize|p2|6
|gen|5
|tier|[Gen 5] OU
|rated|
|rule|Species Clause: Limit one of each Pokémon
|rule|OHKO Clause: OHKO moves are banned
|rule|Moody Clause: Moody is banned
|rule|Evasion Moves Clause: Evasion moves are banned
|rule|Endless Battle Clause: Forcing endless battles is banned
|rule|HP Percentage Mod: HP is shown in percentages
|rule|Evasion Abilities Clause: Evasion abilities are banned
|rule|Sleep Clause: Sleep-inducing moves are banned
|rule|Swagger Clause: Swagger is banned
|clearpoke
|poke|p1|Tyranitar, M|item
|poke|p1|Jellicent, M|item
|poke|p1|Skarmory, F|item
|poke|p1|Alakazam, F|item
|poke|p1|Latios, M|item
|poke|p1|Garchomp, M|item
|poke|p2|Politoed, F|item
|poke|p2|Tentacruel, F|item
|poke|p2|Jirachi|item
|poke|p2|Thundurus-Therian, M|item
|poke|p2|Breloom, F|item
|poke|p2|Latios, M|item
|teampreview
|
|t:|1643850372
|start
|switch|p1a: Skarmory|Skarmory, F|100/100
|switch|p2a: Breloom|Breloom, F|100/100
|turn|1
|
|t:|1643850379
|move|p2a: Breloom|Protect|p2a: Breloom
|-singleturn|p2a: Breloom|Protect
|move|p1a: Skarmory|Taunt|p2a: Breloom
|-activate|p2a: Breloom|move: Protect
|
|-status|p2a: Breloom|tox|[from] item: Toxic Orb
|upkeep
|turn|2
|
|t:|1643850386
|switch|p2a: Politoed|Politoed, F|100/100
|-weather|RainDance|[from] ability: Drizzle|[of] p2a: Politoed
|move|p1a: Skarmory|Stealth Rock|p2a: Politoed
|-sidestart|p2: Happygate|move: Stealth Rock
|
|-weather|RainDance|[upkeep]
|upkeep
|turn|3
|inactive|Battle timer is ON: inactive players will automatically lose when time's up. (requested by Happygate)
|
|t:|1643850443
|switch|p1a: Jellicent|Jellicent, M|100/100
|move|p2a: Politoed|Encore||[still]
|-fail|p2a: Politoed
|
|-weather|RainDance|[upkeep]
|upkeep
|turn|4
|
|t:|1643850449
|move|p1a: Jellicent|Will-O-Wisp|p2a: Politoed|[miss]
|-miss|p1a: Jellicent|p2a: Politoed
|move|p2a: Politoed|Toxic|p1a: Jellicent
|-status|p1a: Jellicent|tox
|
|-weather|RainDance|[upkeep]
|-damage|p1a: Jellicent|94/100 tox|[from] psn
|upkeep
|turn|5
|
|t:|1643850461
|switch|p2a: Breloom|Breloom, F|100/100 tox
|-damage|p2a: Breloom|94/100 tox|[from] Stealth Rock
|move|p1a: Jellicent|Will-O-Wisp||[still]
|-fail|p1a: Jellicent
|
|-weather|RainDance|[upkeep]
|-heal|p1a: Jellicent|100/100 tox|[from] item: Leftovers
|-damage|p1a: Jellicent|88/100 tox|[from] psn
|-heal|p2a: Breloom|100/100 tox|[from] ability: Poison Heal
|upkeep
|turn|6
|inactive|BahamutLagoon has 120 seconds left.
|
|t:|1643850495
|move|p1a: Jellicent|Night Shade|p2a: Breloom
|-damage|p2a: Breloom|68/100 tox
|move|p2a: Breloom|Substitute|p2a: Breloom
|-start|p2a: Breloom|Substitute
|-damage|p2a: Breloom|43/100 tox
|
|-weather|RainDance|[upkeep]
|-heal|p1a: Jellicent|94/100 tox|[from] item: Leftovers
|-damage|p1a: Jellicent|76/100 tox|[from] psn
|-heal|p2a: Breloom|55/100 tox|[from] ability: Poison Heal
|upkeep
|turn|7
|
|t:|1643850506
|move|p1a: Jellicent|Night Shade|p2a: Breloom
|-end|p2a: Breloom|Substitute
|move|p2a: Breloom|Seed Bomb|p1a: Jellicent
|-supereffective|p1a: Jellicent
|-damage|p1a: Jellicent|7/100 tox
|
|-weather|RainDance|[upkeep]
|-heal|p1a: Jellicent|13/100 tox|[from] item: Leftovers
|-damage|p1a: Jellicent|0 fnt|[from] psn
|faint|p1a: Jellicent
|-heal|p2a: Breloom|68/100 tox|[from] ability: Poison Heal
|upkeep
|
|t:|1643850511
|switch|p1a: Skarmory|Skarmory, F|100/100
|turn|8
|
|t:|1643850522
|move|p1a: Skarmory|Spikes|p2a: Breloom
|-sidestart|p2: Happygate|Spikes
|move|p2a: Breloom|Substitute|p2a: Breloom
|-start|p2a: Breloom|Substitute
|-damage|p2a: Breloom|43/100 tox
|
|-weather|RainDance|[upkeep]
|-heal|p2a: Breloom|55/100 tox|[from] ability: Poison Heal
|upkeep
|turn|9
|inactive|BahamutLagoon has 120 seconds left.
|
|t:|1643850562
|-singleturn|p2a: Breloom|move: Focus Punch
|move|p1a: Skarmory|Brave Bird|p2a: Breloom
|-supereffective|p2a: Breloom
|-end|p2a: Breloom|Substitute
|-damage|p1a: Skarmory|90/100|[from] Recoil|[of] p2a: Breloom
|move|p2a: Breloom|Focus Punch|p1a: Skarmory
|-damage|p1a: Skarmory|0 fnt
|faint|p1a: Skarmory
|
|-weather|RainDance|[upkeep]
|-heal|p2a: Breloom|68/100 tox|[from] ability: Poison Heal
|upkeep
|inactive|BahamutLagoon has 90 seconds left.
|
|t:|1643850598
|switch|p1a: Alakazam|Alakazam, F|100/100
|turn|10
|
|t:|1643850601
|switch|p2a: Jirachi|Jirachi|100/100
|-damage|p2a: Jirachi|88/100|[from] Spikes
|-damage|p2a: Jirachi|82/100|[from] Stealth Rock
|move|p1a: Alakazam|Psychic|p2a: Jirachi
|-resisted|p2a: Jirachi
|-damage|p2a: Jirachi|74/100
|
|-weather|RainDance|[upkeep]
|-heal|p2a: Jirachi|80/100|[from] item: Leftovers
|upkeep
|turn|11
|
|t:|1643850612
|move|p1a: Alakazam|Thunder Wave|p2a: Jirachi
|-status|p2a: Jirachi|par
|move|p2a: Jirachi|U-turn|p1a: Alakazam
|-supereffective|p1a: Alakazam
|-damage|p1a: Alakazam|20/100
|
|t:|1643850624
|switch|p2a: Latios|Latios, M|100/100|[from]move: U-turn
|-damage|p2a: Latios|88/100|[from] Stealth Rock
|
|-weather|RainDance|[upkeep]
|upkeep
|turn|12
|inactive|BahamutLagoon has 90 seconds left.
|inactive|BahamutLagoon has 60 seconds left.
|
|t:|1643850683
|move|p2a: Latios|Surf|p1a: Alakazam
|-damage|p1a: Alakazam|0 fnt
|faint|p1a: Alakazam
|
|-weather|RainDance|[upkeep]
|upkeep
|
|t:|1643850685
|switch|p1a: Tyranitar|Tyranitar, M|100/100
|-weather|Sandstorm|[from] ability: Sand Stream|[of] p1a: Tyranitar
|turn|13
|
|t:|1643850695
|move|p2a: Latios|Surf|p1a: Tyranitar
|-supereffective|p1a: Tyranitar
|-damage|p1a: Tyranitar|73/100
|move|p1a: Tyranitar|Pursuit|p2a: Latios
|-supereffective|p2a: Latios
|-damage|p2a: Latios|36/100
|
|-weather|Sandstorm|[upkeep]
|-damage|p2a: Latios|30/100|[from] Sandstorm
|upkeep
|turn|14
|inactive|BahamutLagoon has 60 seconds left.
|
|t:|1643850734
|move|p2a: Latios|Surf|p1a: Tyranitar
|-supereffective|p1a: Tyranitar
|-damage|p1a: Tyranitar|44/100
|move|p1a: Tyranitar|Pursuit|p2a: Latios
|-supereffective|p2a: Latios
|-damage|p2a: Latios|0 fnt
|faint|p2a: Latios
|
|-weather|Sandstorm|[upkeep]
|upkeep
|
|t:|1643850746
|switch|p2a: Politoed|Politoed, F|100/100
|-damage|p2a: Politoed|88/100|[from] Spikes
|-damage|p2a: Politoed|75/100|[from] Stealth Rock
|-weather|RainDance|[from] ability: Drizzle|[of] p2a: Politoed
|turn|15
|inactive|BahamutLagoon has 60 seconds left.
|
|t:|1643850768
|switch|p1a: Latios|Latios, M|100/100
|move|p2a: Politoed|Scald|p1a: Latios
|-resisted|p1a: Latios
|-damage|p1a: Latios|81/100
|
|-weather|RainDance|[upkeep]
|-heal|p2a: Politoed|82/100|[from] item: Leftovers
|upkeep
|turn|16
|
|t:|1643850779
|switch|p2a: Jirachi|Jirachi|80/100 par
|-damage|p2a: Jirachi|74/100 par|[from] Stealth Rock
|-damage|p2a: Jirachi|62/100 par|[from] Spikes
|move|p1a: Latios|Calm Mind|p1a: Latios
|-boost|p1a: Latios|spa|1
|-boost|p1a: Latios|spd|1
|
|-weather|RainDance|[upkeep]
|-heal|p2a: Jirachi|68/100 par|[from] item: Leftovers
|upkeep
|turn|17
|j| Prince Ced
|
|t:|1643850791
|move|p1a: Latios|Surf|p2a: Jirachi
|-damage|p2a: Jirachi|20/100 par
|cant|p2a: Jirachi|par
|
|-weather|RainDance|[upkeep]
|-heal|p2a: Jirachi|26/100 par|[from] item: Leftovers
|upkeep
|turn|18
|
|t:|1643850798
|move|p1a: Latios|Surf|p2a: Jirachi
|-damage|p2a: Jirachi|0 fnt
|faint|p2a: Jirachi
|
|-weather|RainDance|[upkeep]
|upkeep
|
|t:|1643850807
|switch|p2a: Thundurus|Thundurus-Therian, M|100/100
|-damage|p2a: Thundurus|76/100|[from] Stealth Rock
|turn|19
|
|t:|1643850812
|move|p1a: Latios|Draco Meteor|p2a: Thundurus
|-enditem|p1a: Latios|Dragon Gem|[from] gem
|-damage|p2a: Thundurus|0 fnt
|-unboost|p1a: Latios|spa|2
|faint|p2a: Thundurus
|
|-weather|RainDance|[upkeep]
|upkeep
|j| Gen5isStillNew
|
|t:|1643850823
|switch|p2a: Tentacruel|Tentacruel, F|100/100
|-damage|p2a: Tentacruel|88/100|[from] Spikes
|-damage|p2a: Tentacruel|76/100|[from] Stealth Rock
|turn|20
|
|t:|1643850834
|switch|p1a: Tyranitar|Tyranitar, M|44/100
|-weather|Sandstorm|[from] ability: Sand Stream|[of] p1a: Tyranitar
|move|p2a: Tentacruel|Protect||[still]
|-fail|p2a: Tentacruel
|
|-weather|Sandstorm|[upkeep]
|-damage|p2a: Tentacruel|70/100|[from] Sandstorm
|-heal|p2a: Tentacruel|76/100|[from] item: Black Sludge
|upkeep
|turn|21
|
|t:|1643850843
|move|p2a: Tentacruel|Scald|p1a: Tyranitar
|-supereffective|p1a: Tyranitar
|-damage|p1a: Tyranitar|23/100
|move|p1a: Tyranitar|Crunch|p2a: Tentacruel
|-damage|p2a: Tentacruel|26/100
|
|-weather|Sandstorm|[upkeep]
|-damage|p2a: Tentacruel|20/100|[from] Sandstorm
|-heal|p2a: Tentacruel|26/100|[from] item: Black Sludge
|upkeep
|turn|22
|
|t:|1643850853
|move|p2a: Tentacruel|Rapid Spin|p1a: Tyranitar
|-resisted|p1a: Tyranitar
|-damage|p1a: Tyranitar|22/100
|-sideend|p2: Happygate|Spikes|[from] move: Rapid Spin|[of] p2a: Tentacruel
|-sideend|p2: Happygate|Stealth Rock|[from] move: Rapid Spin|[of] p2a: Tentacruel
|move|p1a: Tyranitar|Crunch|p2a: Tentacruel
|-damage|p2a: Tentacruel|0 fnt
|faint|p2a: Tentacruel
|
|-weather|Sandstorm|[upkeep]
|upkeep
|
|t:|1643850861
|switch|p2a: Breloom|Breloom, F|68/100 tox
|turn|23
|
|t:|1643850870
|move|p2a: Breloom|Seed Bomb|p1a: Tyranitar
|-supereffective|p1a: Tyranitar
|-damage|p1a: Tyranitar|0 fnt
|faint|p1a: Tyranitar
|
|-weather|Sandstorm|[upkeep]
|-damage|p2a: Breloom|61/100 tox|[from] Sandstorm
|-heal|p2a: Breloom|74/100 tox|[from] ability: Poison Heal
|upkeep
|
|t:|1643850877
|switch|p1a: Latios|Latios, M|81/100
|turn|24
|
|t:|1643850887
|move|p1a: Latios|Draco Meteor|p2a: Breloom
|-damage|p2a: Breloom|0 fnt
|-unboost|p1a: Latios|spa|2
|faint|p2a: Breloom
|
|-weather|Sandstorm|[upkeep]
|-damage|p1a: Latios|75/100|[from] Sandstorm
|upkeep
|
|t:|1643850894
|switch|p2a: Politoed|Politoed, F|82/100
|-weather|RainDance|[from] ability: Drizzle|[of] p2a: Politoed
|turn|25
|
|t:|1643850900
|move|p1a: Latios|Calm Mind|p1a: Latios
|-boost|p1a: Latios|spa|1
|-boost|p1a: Latios|spd|1
|move|p2a: Politoed|Toxic|p1a: Latios|[miss]
|-miss|p2a: Politoed|p1a: Latios
|
|-weather|RainDance|[upkeep]
|-heal|p2a: Politoed|88/100|[from] item: Leftovers
|upkeep
|turn|26
|
|t:|1643850908
|move|p1a: Latios|Surf|p2a: Politoed
|-resisted|p2a: Politoed
|-damage|p2a: Politoed|74/100
|move|p2a: Politoed|Encore|p1a: Latios
|-start|p1a: Latios|Encore
|
|-weather|RainDance|[upkeep]
|-heal|p2a: Politoed|80/100|[from] item: Leftovers
|upkeep
|turn|27
|
|t:|1643850916
|move|p1a: Latios|Surf|p2a: Politoed
|-resisted|p2a: Politoed
|-damage|p2a: Politoed|64/100
|move|p2a: Politoed|Toxic|p1a: Latios
|-status|p1a: Latios|tox
|
|-weather|RainDance|[upkeep]
|-heal|p2a: Politoed|71/100|[from] item: Leftovers
|-damage|p1a: Latios|69/100 tox|[from] psn
|upkeep
|turn|28
|
|t:|1643850926
|move|p2a: Politoed|Protect|p2a: Politoed
|-singleturn|p2a: Politoed|Protect
|move|p1a: Latios|Surf|p2a: Politoed
|-activate|p2a: Politoed|move: Protect
|
|-weather|RainDance|[upkeep]
|-heal|p2a: Politoed|77/100|[from] item: Leftovers
|-damage|p1a: Latios|57/100 tox|[from] psn
|upkeep
|turn|29
|
|t:|1643850935
|move|p1a: Latios|Surf|p2a: Politoed
|-resisted|p2a: Politoed
|-damage|p2a: Politoed|61/100
|move|p2a: Politoed|Scald|p1a: Latios
|-resisted|p1a: Latios
|-damage|p1a: Latios|43/100 tox
|
|-weather|RainDance|[upkeep]
|-heal|p2a: Politoed|67/100|[from] item: Leftovers
|-damage|p1a: Latios|25/100 tox|[from] psn
|-end|p1a: Latios|Encore
|upkeep
|turn|30
|
|t:|1643850945
|switch|p1a: Garchomp|Garchomp, M|100/100
|move|p2a: Politoed|Encore||[still]
|-fail|p2a: Politoed
|
|-weather|RainDance|[upkeep]
|-heal|p2a: Politoed|74/100|[from] item: Leftovers
|upkeep
|turn|31
|
|t:|1643850953
|move|p2a: Politoed|Protect|p2a: Politoed
|-singleturn|p2a: Politoed|Protect
|move|p1a: Garchomp|Earthquake|p2a: Politoed
|-activate|p2a: Politoed|move: Protect
|
|-weather|RainDance|[upkeep]
|-heal|p2a: Politoed|80/100|[from] item: Leftovers
|upkeep
|turn|32
|
|t:|1643850962
|move|p1a: Garchomp|Earthquake|p2a: Politoed
|-damage|p2a: Politoed|37/100
|move|p2a: Politoed|Scald|p1a: Garchomp
|-damage|p1a: Garchomp|59/100
|-status|p1a: Garchomp|brn
|
|-weather|RainDance|[upkeep]
|-heal|p2a: Politoed|44/100|[from] item: Leftovers
|-damage|p1a: Garchomp|47/100 brn|[from] brn
|upkeep
|turn|33
|
|t:|1643850972
|move|p2a: Politoed|Protect|p2a: Politoed
|-singleturn|p2a: Politoed|Protect
|move|p1a: Garchomp|Earthquake|p2a: Politoed
|-activate|p2a: Politoed|move: Protect
|
|-weather|RainDance|[upkeep]
|-heal|p2a: Politoed|50/100|[from] item: Leftovers
|-damage|p1a: Garchomp|34/100 brn|[from] brn
|upkeep
|turn|34
|
|t:|1643850981
|move|p1a: Garchomp|Earthquake|p2a: Politoed
|-damage|p2a: Politoed|30/100
|move|p2a: Politoed|Scald|p1a: Garchomp
|-damage|p1a: Garchomp|0 fnt
|faint|p1a: Garchomp
|
|-weather|RainDance|[upkeep]
|-heal|p2a: Politoed|36/100|[from] item: Leftovers
|upkeep
|
|t:|1643850985
|switch|p1a: Latios|Latios, M|25/100 tox
|turn|35
|
|t:|1643850996
|move|p2a: Politoed|Protect|p2a: Politoed
|-singleturn|p2a: Politoed|Protect
|move|p1a: Latios|Draco Meteor|p2a: Politoed
|-activate|p2a: Politoed|move: Protect
|
|-weather|RainDance|[upkeep]
|-heal|p2a: Politoed|42/100|[from] item: Leftovers
|-damage|p1a: Latios|19/100 tox|[from] psn
|upkeep
|turn|36
|
|t:|1643851006
|move|p1a: Latios|Draco Meteor|p2a: Politoed
|-damage|p2a: Politoed|0 fnt
|-unboost|p1a: Latios|spa|2
|faint|p2a: Politoed
|
|win|BahamutLagoon
|raw|BahamutLagoon's rating: 1317 &rarr; <strong>1332</strong><br />(+15 for winning)
|raw|Happygate's rating: 1232 &rarr; <strong>1213</strong><br />(-19 for losing)
