|j|☆RyloBurner
|j|☆jahmille118
|t:|1641842963
|gametype|singles
|player|p1|RyloBurner|nurseryaide|1176
|player|p2|jahmille118|170|1022
|teamsize|p1|6
|teamsize|p2|6
|gen|5
|tier|[Gen 5] NU
|rated|
|rule|Species Clause: Limit one of each Pokémon
|rule|OHKO Clause: OHKO moves are banned
|rule|Moody Clause: Moody is banned
|rule|Evasion Moves Clause: Evasion moves are banned
|rule|Endless Battle Clause: Forcing endless battles is banned
|rule|HP Percentage Mod: HP is shown in percentages
|rule|Evasion Abilities Clause: Evasion abilities are banned
|rule|Swagger Clause: Swagger is banned
|rule|Baton Pass Clause: Limit one Baton Passer, can't pass Spe and other stats simultaneously
|rule|Sleep Clause Mod: Limit one foe put to sleep
|clearpoke
|poke|p1|Garbodor, M|item
|poke|p1|Alomomola, F|item
|poke|p1|Golurk|item
|poke|p1|Swellow, M|item
|poke|p1|Gurdurr, M|item
|poke|p1|Musharna, F|item
|poke|p2|Audino, M|item
|poke|p2|Musharna, F|item
|poke|p2|Rampardos, M|item
|poke|p2|Eelektross, M|item
|poke|p2|Banette, F|item
|poke|p2|Kingler, F|item
|teampreview
|inactive|Battle timer is ON: inactive players will automatically lose when time's up. (requested by RyloBurner)
|
|t:|1641842979
|start
|switch|p1a: Gurdurr|Gurdurr, M|100/100
|switch|p2a: Kingler|Kingler, F|100/100
|turn|1
|
|t:|1641842986
|move|p2a: Kingler|Crabhammer|p1a: Gurdurr
|-damage|p1a: Gurdurr|54/100
|-damage|p2a: Kingler|91/100|[from] item: Life Orb
|move|p1a: Gurdurr|Bulk Up|p1a: Gurdurr
|-boost|p1a: Gurdurr|atk|1
|-boost|p1a: Gurdurr|def|1
|
|upkeep
|turn|2
|
|t:|1641842995
|switch|p2a: Musharna|Musharna, F|100/100
|move|p1a: Gurdurr|Drain Punch|p2a: Musharna
|-resisted|p2a: Musharna
|-damage|p2a: Musharna|76/100
|-heal|p1a: Gurdurr|67/100|[from] drain|[of] p2a: Musharna
|
|upkeep
|turn|3
|
|t:|1641843009
|switch|p1a: Alomomola|Alomomola, F|100/100
|move|p2a: Musharna|Psychic|p1a: Alomomola
|-damage|p1a: Alomomola|47/100
|-damage|p2a: Musharna|66/100|[from] item: Life Orb
|
|-heal|p1a: Alomomola|53/100|[from] item: Leftovers
|upkeep
|turn|4
|
|t:|1641843019
|move|p1a: Alomomola|Protect|p1a: Alomomola
|-singleturn|p1a: Alomomola|Protect
|move|p2a: Musharna|Psychic|p1a: Alomomola
|-activate|p1a: Alomomola|move: Protect
|
|-heal|p1a: Alomomola|59/100|[from] item: Leftovers
|upkeep
|turn|5
|
|t:|1641843027
|move|p1a: Alomomola|Toxic|p2a: Musharna
|-status|p2a: Musharna|tox
|-activate|p2a: Musharna|ability: Synchronize
|-status|p1a: Alomomola|tox
|move|p2a: Musharna|Energy Ball|p1a: Alomomola
|-supereffective|p1a: Alomomola
|-damage|p1a: Alomomola|0 fnt
|faint|p1a: Alomomola
|-damage|p2a: Musharna|57/100 tox|[from] item: Life Orb
|
|-damage|p2a: Musharna|50/100 tox|[from] psn
|upkeep
|
|t:|1641843036
|switch|p1a: Swellow|Swellow, M|100/100
|turn|6
|
|t:|1641843046
|move|p1a: Swellow|Protect|p1a: Swellow
|-singleturn|p1a: Swellow|Protect
|move|p2a: Musharna|Trick Room|p2a: Musharna
|-fieldstart|move: Trick Room|[of] p2a: Musharna
|
|-damage|p2a: Musharna|38/100 tox|[from] psn
|-status|p1a: Swellow|brn|[from] item: Flame Orb
|upkeep
|turn|7
|
|t:|1641843064
|switch|p1a: Musharna|Musharna, F|100/100
|move|p2a: Musharna|Psychic|p1a: Musharna
|-resisted|p1a: Musharna
|-damage|p1a: Musharna|75/100
|-damage|p2a: Musharna|29/100 tox|[from] item: Life Orb
|
|-heal|p1a: Musharna|82/100|[from] item: Leftovers
|-damage|p2a: Musharna|11/100 tox|[from] psn
|upkeep
|turn|8
|
|t:|1641843074
|move|p2a: Musharna|Shadow Ball|p1a: Musharna
|-supereffective|p1a: Musharna
|-damage|p1a: Musharna|22/100
|-damage|p2a: Musharna|1/100 tox|[from] item: Life Orb
|move|p1a: Musharna|Calm Mind|p1a: Musharna
|-boost|p1a: Musharna|spa|1
|-boost|p1a: Musharna|spd|1
|
|-heal|p1a: Musharna|28/100|[from] item: Leftovers
|-damage|p2a: Musharna|0 fnt|[from] psn
|faint|p2a: Musharna
|upkeep
|
|t:|1641843091
|switch|p2a: Rampardos|Rampardos, M|100/100
|turn|9
|
|t:|1641843098
|move|p1a: Musharna|Moonlight|p1a: Musharna
|-heal|p1a: Musharna|78/100
|move|p2a: Rampardos|Iron Head|p1a: Musharna
|-damage|p1a: Musharna|49/100
|
|-heal|p1a: Musharna|55/100|[from] item: Leftovers
|upkeep
|turn|10
|
|t:|1641843107
|move|p2a: Rampardos|Protect|p2a: Rampardos
|-singleturn|p2a: Rampardos|Protect
|move|p1a: Musharna|Moonlight|p1a: Musharna
|-heal|p1a: Musharna|100/100
|
|-fieldend|move: Trick Room
|upkeep
|turn|11
|
|t:|1641843115
|move|p2a: Rampardos|Rock Slide|p1a: Musharna
|-damage|p1a: Musharna|49/100
|move|p1a: Musharna|Calm Mind|p1a: Musharna
|-boost|p1a: Musharna|spa|1
|-boost|p1a: Musharna|spd|1
|
|-heal|p1a: Musharna|55/100|[from] item: Leftovers
|upkeep
|turn|12
|
|t:|1641843124
|move|p2a: Rampardos|Rock Slide|p1a: Musharna
|-crit|p1a: Musharna
|-damage|p1a: Musharna|0 fnt
|faint|p1a: Musharna
|
|upkeep
|
|t:|1641843130
|switch|p1a: Gurdurr|Gurdurr, M|67/100
|turn|13
|
|t:|1641843137
|switch|p2a: Banette|Banette, F|100/100
|move|p1a: Gurdurr|Bulk Up|p1a: Gurdurr
|-boost|p1a: Gurdurr|atk|1
|-boost|p1a: Gurdurr|def|1
|
|upkeep
|turn|14
|
|t:|1641843145
|move|p2a: Banette|Gunk Shot|p1a: Gurdurr
|-crit|p1a: Gurdurr
|-damage|p1a: Gurdurr|0 fnt
|faint|p1a: Gurdurr
|-damage|p2a: Banette|91/100|[from] item: Life Orb
|
|upkeep
|
|t:|1641843154
|switch|p1a: Swellow|Swellow, M|100/100 brn
|turn|15
|
|t:|1641843157
|move|p1a: Swellow|Protect|p1a: Swellow
|-singleturn|p1a: Swellow|Protect
|move|p2a: Banette|Trick Room|p2a: Banette
|-fieldstart|move: Trick Room|[of] p2a: Banette
|
|-damage|p1a: Swellow|88/100 brn|[from] brn
|upkeep
|turn|16
|
|t:|1641843164
|switch|p1a: Garbodor|Garbodor, M|100/100
|move|p2a: Banette|Gunk Shot|p1a: Garbodor
|-resisted|p1a: Garbodor
|-damage|p1a: Garbodor|74/100
|-damage|p2a: Banette|81/100|[from] item: Life Orb
|
|upkeep
|turn|17
|
|t:|1641843175
|switch|p2a: Rampardos|Rampardos, M|100/100
|move|p1a: Garbodor|Spikes|p2a: Rampardos
|-sidestart|p2: jahmille118|Spikes
|
|upkeep
|turn|18
|
|t:|1641843182
|move|p2a: Rampardos|Rock Slide|p1a: Garbodor
|-damage|p1a: Garbodor|1/100
|move|p1a: Garbodor|Spikes|p2a: Rampardos
|-sidestart|p2: jahmille118|Spikes
|
|upkeep
|turn|19
|
|t:|1641843190
|move|p2a: Rampardos|Rock Slide|p1a: Garbodor
|-damage|p1a: Garbodor|0 fnt
|faint|p1a: Garbodor
|
|-fieldend|move: Trick Room
|upkeep
|
|t:|1641843194
|switch|p1a: Golurk|Golurk|100/100
|turn|20
|
|t:|1641843212
|move|p1a: Golurk|Stealth Rock|p2a: Rampardos
|-sidestart|p2: jahmille118|move: Stealth Rock
|move|p2a: Rampardos|Fire Punch|p1a: Golurk
|-damage|p1a: Golurk|61/100
|
|-heal|p1a: Golurk|67/100|[from] item: Leftovers
|upkeep
|turn|21
|
|t:|1641843221
|move|p1a: Golurk|Earthquake|p2a: Rampardos
|-supereffective|p2a: Rampardos
|-damage|p2a: Rampardos|0 fnt
|faint|p2a: Rampardos
|
|-heal|p1a: Golurk|73/100|[from] item: Leftovers
|upkeep
|
|t:|1641843239
|switch|p2a: Kingler|Kingler, F|91/100
|-damage|p2a: Kingler|78/100|[from] Stealth Rock
|-damage|p2a: Kingler|62/100|[from] Spikes
|turn|22
|
|t:|1641843245
|move|p1a: Golurk|Dynamic Punch|p2a: Kingler
|-damage|p2a: Kingler|35/100
|-start|p2a: Kingler|confusion
|-activate|p2a: Kingler|confusion
|-damage|p2a: Kingler|17/100|[from] confusion
|
|-heal|p1a: Golurk|80/100|[from] item: Leftovers
|upkeep
|turn|23
|
|t:|1641843255
|move|p1a: Golurk|Earthquake|p2a: Kingler
|-damage|p2a: Kingler|0 fnt
|faint|p2a: Kingler
|
|-heal|p1a: Golurk|86/100|[from] item: Leftovers
|upkeep
|
|t:|1641843262
|switch|p2a: Eelektross|Eelektross, M|100/100
|-damage|p2a: Eelektross|88/100|[from] Stealth Rock
|turn|24
|
|t:|1641843268
|move|p1a: Golurk|Dynamic Punch|p2a: Eelektross
|-damage|p2a: Eelektross|56/100
|-start|p2a: Eelektross|confusion
|-activate|p2a: Eelektross|confusion
|-damage|p2a: Eelektross|45/100|[from] confusion
|
|-heal|p1a: Golurk|92/100|[from] item: Leftovers
|upkeep
|turn|25
|
|t:|1641843277
|move|p1a: Golurk|Toxic|p2a: Eelektross
|-status|p2a: Eelektross|tox
|-end|p2a: Eelektross|confusion
|move|p2a: Eelektross|Giga Drain|p1a: Golurk
|-supereffective|p1a: Golurk
|-damage|p1a: Golurk|23/100
|-heal|p2a: Eelektross|84/100 tox|[from] drain|[of] p1a: Golurk
|-damage|p2a: Eelektross|74/100 tox|[from] item: Life Orb
|
|-heal|p1a: Golurk|29/100|[from] item: Leftovers
|-damage|p2a: Eelektross|68/100 tox|[from] psn
|upkeep
|turn|26
|
|t:|1641843289
|move|p1a: Golurk|Dynamic Punch|p2a: Eelektross
|-damage|p2a: Eelektross|38/100 tox
|-start|p2a: Eelektross|confusion
|-activate|p2a: Eelektross|confusion
|-damage|p2a: Eelektross|28/100 tox|[from] confusion
|
|-heal|p1a: Golurk|35/100|[from] item: Leftovers
|-damage|p2a: Eelektross|16/100 tox|[from] psn
|upkeep
|turn|27
|
|t:|1641843299
|move|p1a: Golurk|Dynamic Punch|p2a: Eelektross
|-damage|p2a: Eelektross|0 fnt
|faint|p2a: Eelektross
|
|-heal|p1a: Golurk|41/100|[from] item: Leftovers
|upkeep
|
|t:|1641843307
|switch|p2a: Banette|Banette, F|81/100
|-damage|p2a: Banette|69/100|[from] Stealth Rock
|-damage|p2a: Banette|52/100|[from] Spikes
|turn|28
|
|t:|1641843313
|move|p1a: Golurk|Earthquake|p2a: Banette
|-damage|p2a: Banette|0 fnt
|faint|p2a: Banette
|
|-heal|p1a: Golurk|47/100|[from] item: Leftovers
|upkeep
|
|t:|1641843319
|switch|p2a: Audino|Audino, M|100/100
|-damage|p2a: Audino|88/100|[from] Stealth Rock
|-damage|p2a: Audino|71/100|[from] Spikes
|turn|29
|c|☆RyloBurner|gg
|
|t:|1641843325
|move|p1a: Golurk|Toxic|p2a: Audino
|-status|p2a: Audino|tox
|move|p2a: Audino|Ice Beam|p1a: Golurk
|-supereffective|p1a: Golurk
|-damage|p1a: Golurk|0 fnt
|faint|p1a: Golurk
|
|-heal|p2a: Audino|78/100 tox|[from] item: Leftovers
|-damage|p2a: Audino|71/100 tox|[from] psn
|upkeep
|
|t:|1641843330
|switch|p1a: Swellow|Swellow, M|88/100 brn
|turn|30
|
|t:|1641843337
|move|p1a: Swellow|Protect|p1a: Swellow
|-singleturn|p1a: Swellow|Protect
|move|p2a: Audino|Trick Room|p2a: Audino
|-fieldstart|move: Trick Room|[of] p2a: Audino
|
|-heal|p2a: Audino|78/100 tox|[from] item: Leftovers
|-damage|p2a: Audino|65/100 tox|[from] psn
|-damage|p1a: Swellow|76/100 brn|[from] brn
|upkeep
|turn|31
|
|t:|1641843348
|move|p1a: Swellow|Protect||[still]
|-fail|p1a: Swellow
|move|p2a: Audino|Ice Beam|p1a: Swellow
|-supereffective|p1a: Swellow
|-damage|p1a: Swellow|0 fnt
|faint|p1a: Swellow
|
|win|jahmille118
|raw|RyloBurner's rating: 1176 &rarr; <strong>1141</strong><br />(-35 for losing)
|raw|jahmille118's rating: 1022 &rarr; <strong>1074</strong><br />(+52 for winning)
|l|☆RyloBurner
