|j|☆Jokkeh
|j|☆Number1RukaFan
|t:|1643861665
|gametype|singles
|player|p1|Jokkeh|169|1421
|player|p2|Number1RukaFan|hilbert|1544
|teamsize|p1|6
|teamsize|p2|6
|gen|5
|tier|[Gen 5] OU
|rated|
|rule|Species Clause: Limit one of each Pokémon
|rule|OHKO Clause: OHKO moves are banned
|rule|Moody Clause: Moody is banned
|rule|Evasion Moves Clause: Evasion moves are banned
|rule|Endless Battle Clause: Forcing endless battles is banned
|rule|HP Percentage Mod: HP is shown in percentages
|rule|Evasion Abilities Clause: Evasion abilities are banned
|rule|Sleep Clause: Sleep-inducing moves are banned
|rule|Swagger Clause: Swagger is banned
|clearpoke
|poke|p1|Politoed, M|item
|poke|p1|Ferrothorn, M|item
|poke|p1|Dragonite, M|item
|poke|p1|Tornadus, M|item
|poke|p1|Tentacruel, M|item
|poke|p1|Garchomp, M|item
|poke|p2|Aerodactyl, M|item
|poke|p2|Scizor, F|item
|poke|p2|Volcarona, F|item
|poke|p2|Latios, M|item
|poke|p2|Cloyster, M|item
|poke|p2|Dragonite, M|item
|teampreview
|inactive|Battle timer is ON: inactive players will automatically lose when time's up. (requested by Number1RukaFan)
|c|☆Jokkeh|Ur random set counter my team loool
|inactive|Jokkeh has 120 seconds left.
|c|☆Jokkeh|Volca bug gem hp ice yeeeeees
|inactive|Jokkeh has 90 seconds left.
|
|t:|1643861731
|start
|switch|p1a: Ferrothorn|Ferrothorn, M|100/100
|switch|p2a: Aerodactyl|Aerodactyl, M|100/100
|-ability|p2a: Aerodactyl|Pressure
|turn|1
|
|t:|1643861734
|move|p2a: Aerodactyl|Taunt|p1a: Ferrothorn
|-start|p1a: Ferrothorn|move: Taunt
|move|p1a: Ferrothorn|Gyro Ball|p2a: Aerodactyl
|-supereffective|p2a: Aerodactyl
|-enditem|p2a: Aerodactyl|Focus Sash
|-damage|p2a: Aerodactyl|1/100
|
|upkeep
|turn|2
|j| PotatoMine1
|
|t:|1643861753
|switch|p1a: Garchomp|Garchomp, M|100/100
|move|p2a: Aerodactyl|Stealth Rock|p1a: Garchomp
|-sidestart|p1: Jokkeh|move: Stealth Rock
|
|upkeep
|turn|3
|
|t:|1643861760
|move|p2a: Aerodactyl|Taunt|p1a: Garchomp
|-start|p1a: Garchomp|move: Taunt
|move|p1a: Garchomp|Dual Chop|p2a: Aerodactyl|[miss]
|-miss|p1a: Garchomp|p2a: Aerodactyl
|
|upkeep
|turn|4
|
|t:|1643861764
|move|p2a: Aerodactyl|Double-Edge|p1a: Garchomp
|-damage|p1a: Garchomp|65/100
|-damage|p2a: Aerodactyl|0 fnt|[from] ability: Rough Skin|[of] p1a: Garchomp
|faint|p2a: Aerodactyl
|move|p1a: Garchomp|Dual Chop|p2: Aerodactyl|[notarget]
|-fail|p1a: Garchomp
|
|upkeep
|
|t:|1643861767
|switch|p2a: Cloyster|Cloyster, M|100/100
|turn|5
|
|t:|1643861771
|switch|p1a: Ferrothorn|Ferrothorn, M|100/100
|-damage|p1a: Ferrothorn|94/100|[from] Stealth Rock
|move|p2a: Cloyster|Shell Smash|p2a: Cloyster
|-unboost|p2a: Cloyster|def|1
|-unboost|p2a: Cloyster|spd|1
|-boost|p2a: Cloyster|atk|2
|-boost|p2a: Cloyster|spa|2
|-boost|p2a: Cloyster|spe|2
|
|upkeep
|turn|6
|
|t:|1643861773
|move|p2a: Cloyster|Icicle Spear|p1a: Ferrothorn
|-damage|p1a: Ferrothorn|76/100
|-damage|p1a: Ferrothorn|56/100
|-damage|p1a: Ferrothorn|36/100
|-crit|p1a: Ferrothorn
|-damage|p1a: Ferrothorn|0 fnt
|faint|p1a: Ferrothorn
|-hitcount|p1: Ferrothorn|4
|
|upkeep
|
|t:|1643861780
|switch|p1a: Tornadus|Tornadus, M|100/100
|-damage|p1a: Tornadus|75/100|[from] Stealth Rock
|turn|7
|
|t:|1643861784
|move|p2a: Cloyster|Ice Shard|p1a: Tornadus
|-supereffective|p1a: Tornadus
|-damage|p1a: Tornadus|0 fnt
|faint|p1a: Tornadus
|
|upkeep
|-message|Jokkeh forfeited.
|
|win|Number1RukaFan
|raw|Jokkeh's rating: 1421 &rarr; <strong>1408</strong><br />(-13 for losing)
|raw|Number1RukaFan's rating: 1544 &rarr; <strong>1557</strong><br />(+13 for winning)
|l|☆Jokkeh
|l|☆Number1RukaFan
|c| PotatoMine1|wow
