|j|☆Dang Rope Fan
|j|☆jahmille118
|t:|1641758711
|gametype|singles
|player|p1|Dang Rope Fan|tabitha-gen3|1045
|player|p2|jahmille118|265|1167
|teamsize|p1|6
|teamsize|p2|6
|gen|5
|tier|[Gen 5] NU
|rated|
|rule|Species Clause: Limit one of each Pokémon
|rule|OHKO Clause: OHKO moves are banned
|rule|Moody Clause: Moody is banned
|rule|Evasion Moves Clause: Evasion moves are banned
|rule|Endless Battle Clause: Forcing endless battles is banned
|rule|HP Percentage Mod: HP is shown in percentages
|rule|Evasion Abilities Clause: Evasion abilities are banned
|rule|Swagger Clause: Swagger is banned
|rule|Baton Pass Clause: Limit one Baton Passer, can't pass Spe and other stats simultaneously
|rule|Sleep Clause Mod: Limit one foe put to sleep
|clearpoke
|poke|p1|Charizard, M|item
|poke|p1|Sawk, M|item
|poke|p1|Armaldo, M|item
|poke|p1|Tauros, M|item
|poke|p1|Kadabra, M|item
|poke|p1|Alomomola, F|item
|poke|p2|Armaldo, F|item
|poke|p2|Ludicolo, M|item
|poke|p2|Gorebyss, M|item
|poke|p2|Liepard, M|item
|poke|p2|Illumise, F|item
|poke|p2|Floatzel, F|item
|teampreview
|
|t:|1641758730
|start
|switch|p1a: Armaldo|Armaldo, M|100/100
|switch|p2a: Armaldo|Armaldo, F|100/100
|turn|1
|
|t:|1641758742
|move|p2a: Armaldo|Stone Edge|p1a: Armaldo
|-supereffective|p1a: Armaldo
|-damage|p1a: Armaldo|0 fnt
|faint|p1a: Armaldo
|-damage|p2a: Armaldo|91/100|[from] item: Life Orb
|
|upkeep
|
|t:|1641758748
|switch|p1a: Sawk|Sawk, M|100/100
|-ability|p1a: Sawk|Mold Breaker
|turn|2
|
|t:|1641758766
|switch|p2a: Floatzel|Floatzel, F|100/100
|move|p1a: Sawk|Close Combat|p2a: Floatzel
|-damage|p2a: Floatzel|0 fnt
|-unboost|p1a: Sawk|def|1
|-unboost|p1a: Sawk|spd|1
|faint|p2a: Floatzel
|
|upkeep
|
|t:|1641758776
|switch|p2a: Illumise|Illumise, F|100/100
|turn|3
|
|t:|1641758780
|switch|p1a: Tauros|Tauros, M|100/100
|move|p2a: Illumise|Rain Dance|p2a: Illumise
|-weather|RainDance
|
|-weather|RainDance|[upkeep]
|upkeep
|turn|4
|
|t:|1641758792
|move|p1a: Tauros|Rock Climb|p2a: Illumise
|-crit|p2a: Illumise
|-damage|p2a: Illumise|0 fnt
|faint|p2a: Illumise
|
|-weather|RainDance|[upkeep]
|upkeep
|
|t:|1641758801
|switch|p2a: Gorebyss|Gorebyss, M|100/100
|turn|5
|
|t:|1641758805
|move|p2a: Gorebyss|Surf|p1a: Tauros
|-damage|p1a: Tauros|0 fnt
|faint|p1a: Tauros
|-damage|p2a: Gorebyss|91/100|[from] item: Life Orb
|
|-weather|RainDance|[upkeep]
|upkeep
|
|t:|1641758823
|switch|p1a: Alomomola|Alomomola, F|100/100
|turn|6
|
|t:|1641758834
|move|p2a: Gorebyss|Shadow Ball|p1a: Alomomola
|-damage|p1a: Alomomola|63/100
|-damage|p2a: Gorebyss|81/100|[from] item: Life Orb
|move|p1a: Alomomola|Toxic|p2a: Gorebyss
|-status|p2a: Gorebyss|tox
|
|-weather|RainDance|[upkeep]
|-heal|p1a: Alomomola|69/100|[from] item: Leftovers
|-damage|p2a: Gorebyss|75/100 tox|[from] psn
|upkeep
|turn|7
|
|t:|1641758844
|switch|p2a: Armaldo|Armaldo, F|91/100
|move|p1a: Alomomola|Protect||[still]
|-fail|p1a: Alomomola
|
|-weather|RainDance|[upkeep]
|-heal|p1a: Alomomola|75/100|[from] item: Leftovers
|upkeep
|turn|8
|
|t:|1641758850
|move|p1a: Alomomola|Protect|p1a: Alomomola
|-singleturn|p1a: Alomomola|Protect
|move|p2a: Armaldo|Stealth Rock|p1a: Alomomola
|-sidestart|p1: Dang Rope Fan|move: Stealth Rock
|
|-weather|RainDance|[upkeep]
|-heal|p1a: Alomomola|82/100|[from] item: Leftovers
|upkeep
|turn|9
|
|t:|1641758857
|switch|p2a: Ludicolo|Ludicolo, M|100/100
|move|p1a: Alomomola|Scald|p2a: Ludicolo
|-resisted|p2a: Ludicolo
|-damage|p2a: Ludicolo|95/100
|-status|p2a: Ludicolo|brn
|
|-weather|RainDance|[upkeep]
|-heal|p1a: Alomomola|88/100|[from] item: Leftovers
|-damage|p2a: Ludicolo|82/100 brn|[from] brn
|upkeep
|turn|10
|
|t:|1641758870
|switch|p1a: Sawk|Sawk, M|100/100
|-damage|p1a: Sawk|94/100|[from] Stealth Rock
|-ability|p1a: Sawk|Mold Breaker
|move|p2a: Ludicolo|Energy Ball|p1a: Sawk
|-damage|p1a: Sawk|31/100
|-damage|p2a: Ludicolo|72/100 brn|[from] item: Life Orb
|
|-weather|none
|-damage|p2a: Ludicolo|60/100 brn|[from] brn
|upkeep
|turn|11
|
|t:|1641758884
|switch|p2a: Armaldo|Armaldo, F|91/100
|move|p1a: Sawk|Brick Break|p2a: Armaldo
|-damage|p2a: Armaldo|23/100
|
|upkeep
|turn|12
|
|t:|1641758890
|move|p1a: Sawk|Brick Break|p2a: Armaldo
|-damage|p2a: Armaldo|0 fnt
|faint|p2a: Armaldo
|
|upkeep
|
|t:|1641758897
|switch|p2a: Liepard|Liepard, M|100/100
|turn|13
|
|t:|1641758900
|move|p2a: Liepard|Fake Out|p1a: Sawk
|-damage|p1a: Sawk|15/100
|cant|p1a: Sawk|flinch
|
|upkeep
|turn|14
|
|t:|1641758904
|move|p2a: Liepard|Rain Dance|p2a: Liepard
|-weather|RainDance
|move|p1a: Sawk|Brick Break|p2a: Liepard
|-supereffective|p2a: Liepard
|-damage|p2a: Liepard|0 fnt
|faint|p2a: Liepard
|
|-weather|RainDance|[upkeep]
|upkeep
|
|t:|1641758912
|switch|p2a: Ludicolo|Ludicolo, M|60/100 brn
|turn|15
|
|t:|1641758916
|move|p2a: Ludicolo|Energy Ball|p1a: Sawk
|-damage|p1a: Sawk|0 fnt
|faint|p1a: Sawk
|-damage|p2a: Ludicolo|50/100 brn|[from] item: Life Orb
|
|-weather|RainDance|[upkeep]
|-damage|p2a: Ludicolo|38/100 brn|[from] brn
|upkeep
|
|t:|1641758926
|switch|p1a: Alomomola|Alomomola, F|100/100
|-damage|p1a: Alomomola|88/100|[from] Stealth Rock
|turn|16
|
|t:|1641758932
|move|p1a: Alomomola|Protect|p1a: Alomomola
|-singleturn|p1a: Alomomola|Protect
|move|p2a: Ludicolo|Energy Ball|p1a: Alomomola
|-activate|p1a: Alomomola|move: Protect
|
|-weather|RainDance|[upkeep]
|-heal|p1a: Alomomola|94/100|[from] item: Leftovers
|-damage|p2a: Ludicolo|26/100 brn|[from] brn
|upkeep
|turn|17
|
|t:|1641758940
|switch|p1a: Charizard|Charizard, M|100/100
|-damage|p1a: Charizard|51/100|[from] Stealth Rock
|move|p2a: Ludicolo|Energy Ball|p1a: Charizard
|-resisted|p1a: Charizard
|-damage|p1a: Charizard|38/100
|-unboost|p1a: Charizard|spd|1
|-damage|p2a: Ludicolo|16/100 brn|[from] item: Life Orb
|
|-weather|RainDance|[upkeep]
|-damage|p2a: Ludicolo|3/100 brn|[from] brn
|upkeep
|turn|18
|
|t:|1641758961
|move|p2a: Ludicolo|Surf|p1a: Charizard
|-supereffective|p1a: Charizard
|-damage|p1a: Charizard|0 fnt
|faint|p1a: Charizard
|-damage|p2a: Ludicolo|0 fnt|[from] item: Life Orb
|faint|p2a: Ludicolo
|
|-weather|RainDance|[upkeep]
|upkeep
|
|t:|1641758970
|switch|p1a: Kadabra|Kadabra, M|100/100
|switch|p2a: Gorebyss|Gorebyss, M|75/100 tox
|turn|19
|
|t:|1641758975
|move|p2a: Gorebyss|Shadow Ball|p1a: Kadabra
|-supereffective|p1a: Kadabra
|-enditem|p1a: Kadabra|Focus Sash
|-damage|p1a: Kadabra|1/100
|-damage|p2a: Gorebyss|65/100 tox|[from] item: Life Orb
|move|p1a: Kadabra|Psyshock|p2a: Gorebyss
|-damage|p2a: Gorebyss|9/100 tox
|
|-weather|RainDance|[upkeep]
|-damage|p2a: Gorebyss|3/100 tox|[from] psn
|upkeep
|turn|20
|
|t:|1641758987
|move|p2a: Gorebyss|Shadow Ball|p1a: Kadabra
|-supereffective|p1a: Kadabra
|-damage|p1a: Kadabra|0 fnt
|faint|p1a: Kadabra
|-damage|p2a: Gorebyss|0 fnt|[from] item: Life Orb
|faint|p2a: Gorebyss
|
|win|Dang Rope Fan
|raw|Dang Rope Fan's rating: 1045 &rarr; <strong>1089</strong><br />(+44 for winning)
|raw|jahmille118's rating: 1167 &rarr; <strong>1134</strong><br />(-33 for losing)
|l|☆Dang Rope Fan
