|j|☆rexxonmobile
|j|☆char_67
|t:|1644086731
|gametype|singles
|player|p1|rexxonmobile|2|1234
|player|p2|char_67|juan|1314
|teamsize|p1|6
|teamsize|p2|6
|gen|5
|tier|[Gen 5] OU
|rated|
|rule|Species Clause: Limit one of each Pokémon
|rule|OHKO Clause: OHKO moves are banned
|rule|Moody Clause: Moody is banned
|rule|Evasion Moves Clause: Evasion moves are banned
|rule|Endless Battle Clause: Forcing endless battles is banned
|rule|HP Percentage Mod: HP is shown in percentages
|rule|Evasion Abilities Clause: Evasion abilities are banned
|rule|Sleep Clause: Sleep-inducing moves are banned
|rule|Swagger Clause: Swagger is banned
|clearpoke
|poke|p1|Politoed, M|item
|poke|p1|Tentacruel, F|item
|poke|p1|Jirachi|item
|poke|p1|Thundurus-Therian, M|item
|poke|p1|Breloom, M|item
|poke|p1|Latios, M|item
|poke|p2|Tyranitar, M|item
|poke|p2|Alakazam, M|item
|poke|p2|Heatran, F|item
|poke|p2|Landorus-Therian, M|item
|poke|p2|Breloom, F|item
|poke|p2|Rotom-Wash|item
|teampreview
|inactive|Battle timer is ON: inactive players will automatically lose when time's up. (requested by char_67)
|
|t:|1644086742
|start
|switch|p1a: Jirachi|Jirachi|100/100
|switch|p2a: Rotom|Rotom-Wash|100/100
|turn|1
|
|t:|1644086756
|move|p2a: Rotom|Volt Switch|p1a: Jirachi
|-damage|p1a: Jirachi|79/100
|
|t:|1644086762
|switch|p2a: Heatran|Heatran, F|100/100|[from]move: Volt Switch
|move|p1a: Jirachi|Stealth Rock|p2a: Heatran
|-sidestart|p2: char_67|move: Stealth Rock
|
|-heal|p1a: Jirachi|85/100|[from] item: Leftovers
|upkeep
|turn|2
|
|t:|1644086779
|switch|p2a: Rotom|Rotom-Wash|100/100
|-damage|p2a: Rotom|88/100|[from] Stealth Rock
|move|p1a: Jirachi|U-turn|p2a: Rotom
|-damage|p2a: Rotom|66/100
|
|t:|1644086786
|switch|p1a: Breloom|Breloom, M|100/100|[from]move: U-turn
|
|-status|p1a: Breloom|tox|[from] item: Toxic Orb
|upkeep
|turn|3
|
|t:|1644086795
|move|p2a: Rotom|Hidden Power|p1a: Breloom
|-supereffective|p1a: Breloom
|-damage|p1a: Breloom|40/100 tox
|move|p1a: Breloom|Substitute|p1a: Breloom
|-start|p1a: Breloom|Substitute
|-damage|p1a: Breloom|15/100 tox
|
|-heal|p1a: Breloom|27/100 tox|[from] ability: Poison Heal
|upkeep
|turn|4
|
|t:|1644086802
|move|p1a: Breloom|Protect|p1a: Breloom
|-singleturn|p1a: Breloom|Protect
|move|p2a: Rotom|Hidden Power|p1a: Breloom
|-activate|p1a: Breloom|move: Protect
|
|-heal|p1a: Breloom|40/100 tox|[from] ability: Poison Heal
|upkeep
|turn|5
|
|t:|1644086810
|move|p2a: Rotom|Hidden Power|p1a: Breloom
|-supereffective|p1a: Breloom
|-end|p1a: Breloom|Substitute
|move|p1a: Breloom|Drain Punch|p2a: Rotom
|-damage|p2a: Rotom|13/100
|-heal|p1a: Breloom|61/100 tox|[from] drain|[of] p2a: Rotom
|
|-heal|p1a: Breloom|73/100 tox|[from] ability: Poison Heal
|upkeep
|turn|6
|
|t:|1644086822
|switch|p2a: Landorus|Landorus-Therian, M|100/100
|-damage|p2a: Landorus|88/100|[from] Stealth Rock
|-ability|p2a: Landorus|Intimidate|boost
|-unboost|p1a: Breloom|atk|1
|switch|p1a: Jirachi|Jirachi|85/100
|
|-heal|p2a: Landorus|94/100|[from] item: Leftovers
|-heal|p1a: Jirachi|91/100|[from] item: Leftovers
|upkeep
|turn|7
|
|t:|1644086837
|switch|p1a: Latios|Latios, M|100/100
|move|p2a: Landorus|Stealth Rock|p1a: Latios
|-sidestart|p1: rexxonmobile|move: Stealth Rock
|
|-heal|p2a: Landorus|99/100|[from] item: Leftovers
|upkeep
|turn|8
|
|t:|1644086844
|switch|p1a: Politoed|Politoed, M|100/100
|-damage|p1a: Politoed|88/100|[from] Stealth Rock
|-weather|RainDance|[from] ability: Drizzle|[of] p1a: Politoed
|switch|p2a: Rotom|Rotom-Wash|13/100
|-damage|p2a: Rotom|0 fnt|[from] Stealth Rock
|faint|p2a: Rotom
|
|-weather|RainDance|[upkeep]
|-heal|p1a: Politoed|94/100|[from] item: Leftovers
|upkeep
|
|t:|1644086856
|switch|p2a: Breloom|Breloom, F|100/100
|-damage|p2a: Breloom|94/100|[from] Stealth Rock
|turn|9
|
|t:|1644086867
|move|p1a: Politoed|Scald|p2a: Breloom
|-resisted|p2a: Breloom
|-damage|p2a: Breloom|64/100
|-status|p2a: Breloom|brn
|move|p2a: Breloom|Substitute|p2a: Breloom
|-start|p2a: Breloom|Substitute
|-damage|p2a: Breloom|39/100 brn
|
|-weather|RainDance|[upkeep]
|-heal|p1a: Politoed|100/100|[from] item: Leftovers
|-damage|p2a: Breloom|26/100 brn|[from] brn
|upkeep
|turn|10
|-message|char_67 forfeited.
|
|win|rexxonmobile
|raw|rexxonmobile's rating: 1234 &rarr; <strong>1265</strong><br />(+31 for winning)
|raw|char_67's rating: 1314 &rarr; <strong>1289</strong><br />(-25 for losing)
|l|☆char_67
