|j|☆Giove97
|j|☆lolnoob2
|t:|1639739627
|gametype|singles
|player|p1|Giove97|rosa|
|player|p2|lolnoob2|bugsy|
|teamsize|p1|6
|teamsize|p2|6
|gen|5
|tier|[Gen 5] UU
|rated|Tournament battle
|rule|Species Clause: Limit one of each Pokémon
|rule|OHKO Clause: OHKO moves are banned
|rule|Moody Clause: Moody is banned
|rule|Evasion Moves Clause: Evasion moves are banned
|rule|Endless Battle Clause: Forcing endless battles is banned
|rule|HP Percentage Mod: HP is shown in percentages
|rule|Evasion Abilities Clause: Evasion abilities are banned
|rule|Swagger Clause: Swagger is banned
|rule|Sleep Clause Mod: Limit one foe put to sleep
|clearpoke
|poke|p1|Cofagrigus, M|item
|poke|p1|Snorlax, M|item
|poke|p1|Mienshao, M|item
|poke|p1|Roserade, M|item
|poke|p1|Victini|item
|poke|p1|Suicune|item
|poke|p2|Druddigon, M|item
|poke|p2|Blastoise, F|item
|poke|p2|Zapdos|item
|poke|p2|Roserade, M|item
|poke|p2|Flygon, F|item
|poke|p2|Victini|item
|teampreview
|j| BB-8-NU
|j| vhkv
|c|☆Giove97|glhf
|c|☆lolnoob2|hf
|
|t:|1639739651
|start
|switch|p1a: Roserade|Roserade, M|100/100
|switch|p2a: Druddigon|Druddigon, M|100/100
|-ability|p2a: Druddigon|Mold Breaker
|turn|1
|j| Ice Spirit Here❄️
|
|t:|1639739663
|move|p1a: Roserade|Spikes|p2a: Druddigon
|-sidestart|p2: lolnoob2|Spikes
|move|p2a: Druddigon|Stealth Rock|p1a: Roserade
|-sidestart|p1: Giove97|move: Stealth Rock
|
|upkeep
|turn|2
|
|t:|1639739670
|move|p1a: Roserade|Spikes|p2a: Druddigon
|-sidestart|p2: lolnoob2|Spikes
|move|p2a: Druddigon|Outrage|p1a: Roserade
|-enditem|p2a: Druddigon|Dragon Gem|[from] gem
|-damage|p1a: Roserade|0 fnt
|faint|p1a: Roserade
|
|upkeep
|l| Ice Spirit Here❄️
|
|t:|1639739675
|switch|p1a: Cofagrigus|Cofagrigus, M|100/100
|-damage|p1a: Cofagrigus|88/100|[from] Stealth Rock
|turn|3
|
|t:|1639739680
|move|p2a: Druddigon|Outrage|p1a: Cofagrigus|[from]lockedmove
|-damage|p1a: Cofagrigus|55/100
|-activate|p1a: Cofagrigus|ability: Mummy|Mold Breaker|[of] p2a: Druddigon
|-start|p2a: Druddigon|confusion|[fatigue]
|move|p1a: Cofagrigus|Will-O-Wisp|p2a: Druddigon
|-status|p2a: Druddigon|brn
|
|-heal|p1a: Cofagrigus|61/100|[from] item: Leftovers
|-damage|p2a: Druddigon|88/100 brn|[from] brn
|upkeep
|turn|4
|
|t:|1639739701
|switch|p2a: Roserade|Roserade, M|100/100
|-damage|p2a: Roserade|84/100|[from] Spikes
|move|p1a: Cofagrigus|Shadow Ball|p2a: Roserade
|-damage|p2a: Roserade|50/100
|
|-heal|p1a: Cofagrigus|67/100|[from] item: Leftovers
|upkeep
|turn|5
|
|t:|1639739708
|move|p2a: Roserade|Synthesis|p2a: Roserade
|-heal|p2a: Roserade|99/100
|move|p1a: Cofagrigus|Shadow Ball|p2a: Roserade
|-damage|p2a: Roserade|64/100
|
|-heal|p1a: Cofagrigus|73/100|[from] item: Leftovers
|upkeep
|turn|6
|
|t:|1639739719
|move|p2a: Roserade|Sleep Powder|p1a: Cofagrigus
|-status|p1a: Cofagrigus|slp|[from] move: Sleep Powder
|cant|p1a: Cofagrigus|slp
|
|-heal|p1a: Cofagrigus|79/100 slp|[from] item: Leftovers
|upkeep
|turn|7
|
|t:|1639739730
|switch|p1a: Snorlax|Snorlax, M|100/100
|-damage|p1a: Snorlax|88/100|[from] Stealth Rock
|move|p2a: Roserade|Sludge Bomb|p1a: Snorlax
|-damage|p1a: Snorlax|61/100
|-damage|p2a: Roserade|54/100|[from] item: Life Orb
|
|-heal|p1a: Snorlax|68/100|[from] item: Leftovers
|upkeep
|turn|8
|j| Lunar Latioss
|
|t:|1639739759
|move|p2a: Roserade|Leaf Storm|p1a: Snorlax
|-damage|p1a: Snorlax|20/100
|-unboost|p2a: Roserade|spa|2
|-damage|p2a: Roserade|44/100|[from] item: Life Orb
|move|p1a: Snorlax|Body Slam|p2a: Roserade
|-damage|p2a: Roserade|0 fnt
|faint|p2a: Roserade
|
|-heal|p1a: Snorlax|26/100|[from] item: Leftovers
|upkeep
|l| Lunar Latioss
|
|t:|1639739775
|switch|p2a: Flygon|Flygon, F|100/100
|turn|9
|
|t:|1639739780
|move|p2a: Flygon|Earthquake|p1a: Snorlax
|-damage|p1a: Snorlax|0 fnt
|faint|p1a: Snorlax
|
|upkeep
|
|t:|1639739822
|switch|p1a: Suicune|Suicune|100/100
|-damage|p1a: Suicune|88/100|[from] Stealth Rock
|-ability|p1a: Suicune|Pressure
|turn|10
|
|t:|1639739833
|switch|p2a: Blastoise|Blastoise, F|100/100
|-damage|p2a: Blastoise|84/100|[from] Spikes
|move|p1a: Suicune|Scald|p2a: Blastoise
|-resisted|p2a: Blastoise
|-damage|p2a: Blastoise|72/100
|
|-heal|p1a: Suicune|94/100|[from] item: Leftovers
|-heal|p2a: Blastoise|78/100|[from] item: Leftovers
|upkeep
|turn|11
|
|t:|1639739848
|move|p1a: Suicune|Calm Mind|p1a: Suicune
|-boost|p1a: Suicune|spa|1
|-boost|p1a: Suicune|spd|1
|move|p2a: Blastoise|Scald|p1a: Suicune
|-resisted|p1a: Suicune
|-damage|p1a: Suicune|88/100
|
|-heal|p1a: Suicune|95/100|[from] item: Leftovers
|-heal|p2a: Blastoise|84/100|[from] item: Leftovers
|upkeep
|turn|12
|
|t:|1639739861
|move|p1a: Suicune|Calm Mind|p1a: Suicune
|-boost|p1a: Suicune|spa|1
|-boost|p1a: Suicune|spd|1
|move|p2a: Blastoise|Rapid Spin|p1a: Suicune
|-damage|p1a: Suicune|93/100
|-sideend|p2: lolnoob2|Spikes|[from] move: Rapid Spin|[of] p2a: Blastoise
|
|-heal|p1a: Suicune|99/100|[from] item: Leftovers
|-heal|p2a: Blastoise|90/100|[from] item: Leftovers
|upkeep
|turn|13
|
|t:|1639739907
|move|p1a: Suicune|Calm Mind|p1a: Suicune
|-boost|p1a: Suicune|spa|1
|-boost|p1a: Suicune|spd|1
|move|p2a: Blastoise|Roar|p1a: Suicune
|drag|p1a: Mienshao|Mienshao, M|100/100
|-damage|p1a: Mienshao|95/100|[from] Stealth Rock
|
|-heal|p2a: Blastoise|96/100|[from] item: Leftovers
|upkeep
|turn|14
|
|t:|1639739947
|move|p1a: Mienshao|High Jump Kick|p2a: Blastoise
|-damage|p2a: Blastoise|31/100
|-damage|p1a: Mienshao|85/100|[from] item: Life Orb
|move|p2a: Blastoise|Scald|p1a: Mienshao
|-damage|p1a: Mienshao|9/100
|
|-heal|p2a: Blastoise|37/100|[from] item: Leftovers
|upkeep
|turn|15
|
|t:|1639739960
|move|p1a: Mienshao|High Jump Kick|p2a: Blastoise
|-damage|p2a: Blastoise|0 fnt
|faint|p2a: Blastoise
|-damage|p1a: Mienshao|0 fnt|[from] item: Life Orb
|faint|p1a: Mienshao
|
|upkeep
|
|t:|1639739978
|switch|p1a: Victini|Victini|100/100
|switch|p2a: Druddigon|Druddigon, M|88/100 brn
|-damage|p1a: Victini|76/100|[from] Stealth Rock
|-ability|p2a: Druddigon|Mold Breaker
|turn|16
|
|t:|1639739994
|move|p1a: Victini|Flare Blitz|p2a: Druddigon
|-resisted|p2a: Druddigon
|-damage|p2a: Druddigon|60/100 brn
|-damage|p1a: Victini|66/100|[from] Recoil
|move|p2a: Druddigon|Earthquake|p1a: Victini
|-supereffective|p1a: Victini
|-damage|p1a: Victini|34/100
|
|-damage|p2a: Druddigon|47/100 brn|[from] brn
|upkeep
|turn|17
|
|t:|1639740005
|switch|p1a: Suicune|Suicune|99/100
|-damage|p1a: Suicune|86/100|[from] Stealth Rock
|-ability|p1a: Suicune|Pressure
|move|p2a: Druddigon|Dragon Tail|p1a: Suicune|[miss]
|-miss|p2a: Druddigon|p1a: Suicune
|
|-heal|p1a: Suicune|93/100|[from] item: Leftovers
|-damage|p2a: Druddigon|35/100 brn|[from] brn
|upkeep
|turn|18
|
|t:|1639740024
|move|p1a: Suicune|Scald|p2a: Druddigon
|-resisted|p2a: Druddigon
|-damage|p2a: Druddigon|24/100 brn
|move|p2a: Druddigon|Dragon Tail|p1a: Suicune
|-damage|p1a: Suicune|85/100
|drag|p1a: Cofagrigus|Cofagrigus, M|79/100 slp
|-damage|p1a: Cofagrigus|67/100 slp|[from] Stealth Rock
|
|-heal|p1a: Cofagrigus|73/100 slp|[from] item: Leftovers
|-damage|p2a: Druddigon|11/100 brn|[from] brn
|upkeep
|turn|19
|
|t:|1639740060
|move|p2a: Druddigon|Outrage|p1a: Cofagrigus
|-damage|p1a: Cofagrigus|55/100 slp
|-activate|p1a: Cofagrigus|ability: Mummy|Mold Breaker|[of] p2a: Druddigon
|cant|p1a: Cofagrigus|slp
|
|-heal|p1a: Cofagrigus|61/100 slp|[from] item: Leftovers
|-damage|p2a: Druddigon|0 fnt|[from] brn
|faint|p2a: Druddigon
|upkeep
|
|t:|1639740066
|switch|p2a: Zapdos|Zapdos|100/100
|-ability|p2a: Zapdos|Pressure
|turn|20
|
|t:|1639740072
|move|p2a: Zapdos|Thunderbolt|p1a: Cofagrigus
|-damage|p1a: Cofagrigus|14/100 slp
|cant|p1a: Cofagrigus|slp
|
|-heal|p1a: Cofagrigus|20/100 slp|[from] item: Leftovers
|upkeep
|turn|21
|
|t:|1639740078
|move|p2a: Zapdos|Thunderbolt|p1a: Cofagrigus
|-damage|p1a: Cofagrigus|0 fnt
|faint|p1a: Cofagrigus
|
|upkeep
|
|t:|1639740081
|switch|p1a: Victini|Victini|34/100
|-damage|p1a: Victini|9/100|[from] Stealth Rock
|turn|22
|
|t:|1639740086
|switch|p2a: Flygon|Flygon, F|100/100
|move|p1a: Victini|V-create|p2a: Flygon
|-resisted|p2a: Flygon
|-damage|p2a: Flygon|52/100
|-unboost|p1a: Victini|spe|1
|-unboost|p1a: Victini|def|1
|-unboost|p1a: Victini|spd|1
|
|upkeep
|turn|23
|
|t:|1639740092
|move|p2a: Flygon|U-turn|p1a: Victini
|-damage|p1a: Victini|0 fnt
|faint|p1a: Victini
|
|t:|1639740096
|switch|p2a: Zapdos|Zapdos|100/100|[from]move: U-turn
|-ability|p2a: Zapdos|Pressure
|
|upkeep
|
|t:|1639740098
|switch|p1a: Suicune|Suicune|85/100
|-damage|p1a: Suicune|73/100|[from] Stealth Rock
|-ability|p1a: Suicune|Pressure
|turn|24
|
|t:|1639740102
|move|p2a: Zapdos|Thunderbolt|p1a: Suicune
|-supereffective|p1a: Suicune
|-damage|p1a: Suicune|0 fnt
|faint|p1a: Suicune
|
|win|lolnoob2
|n|☆Giove97|giove97
|n|☆lolnoob2|lolnoob2
|n| BB-8-NU|bb8nu
|n| vhkv|vhkv
|l| BB-8-NU
|c|☆Giove97|gg
|c|☆lolnoob2|gg
|l|☆lolnoob2
|l|☆Giove97
|j| TheDarkRising
