|j|☆Neoqx
|j|☆EverLearning
|t:|1644115309
|gametype|singles
|player|p1|Neoqx|266|1000
|player|p2|EverLearning|pryce|1075
|teamsize|p1|6
|teamsize|p2|6
|gen|5
|tier|[Gen 5] OU
|rated|
|rule|Species Clause: Limit one of each Pokémon
|rule|OHKO Clause: OHKO moves are banned
|rule|Moody Clause: Moody is banned
|rule|Evasion Moves Clause: Evasion moves are banned
|rule|Endless Battle Clause: Forcing endless battles is banned
|rule|HP Percentage Mod: HP is shown in percentages
|rule|Evasion Abilities Clause: Evasion abilities are banned
|rule|Sleep Clause: Sleep-inducing moves are banned
|rule|Swagger Clause: Swagger is banned
|clearpoke
|poke|p1|Scizor, F|item
|poke|p1|Rotom-Wash|item
|poke|p1|Hydreigon, F|item
|poke|p1|Vaporeon, F|item
|poke|p1|Mamoswine, F|item
|poke|p1|Skarmory, M|item
|poke|p2|Roserade, M|item
|poke|p2|Kingdra, F|item
|poke|p2|Rhyperior, M|item
|poke|p2|Skarmory, M|item
|poke|p2|Scizor, F|item
|poke|p2|Blissey, F|item
|teampreview
|
|t:|1644115323
|start
|switch|p1a: Mamoswine|Mamoswine, F|100/100
|switch|p2a: Rhyperior|Rhyperior, M|100/100
|turn|1
|
|t:|1644115336
|switch|p2a: Skarmory|Skarmory, M|100/100
|move|p1a: Mamoswine|Stealth Rock|p2a: Skarmory
|-sidestart|p2: EverLearning|move: Stealth Rock
|
|upkeep
|turn|2
|
|t:|1644115342
|move|p1a: Mamoswine|Icicle Crash|p2a: Skarmory
|-damage|p2a: Skarmory|72/100
|cant|p2a: Skarmory|flinch
|
|upkeep
|turn|3
|
|t:|1644115352
|switch|p1a: Rotom|Rotom-Wash|100/100
|move|p2a: Skarmory|Roost|p2a: Skarmory
|-heal|p2a: Skarmory|100/100
|-singleturn|p2a: Skarmory|move: Roost
|
|upkeep
|turn|4
|
|t:|1644115361
|switch|p2a: Rhyperior|Rhyperior, M|100/100
|-damage|p2a: Rhyperior|94/100|[from] Stealth Rock
|move|p1a: Rotom|Will-O-Wisp|p2a: Rhyperior|[miss]
|-miss|p1a: Rotom|p2a: Rhyperior
|
|-heal|p2a: Rhyperior|100/100|[from] item: Leftovers
|upkeep
|turn|5
|
|t:|1644115371
|switch|p1a: Hydreigon|Hydreigon, F|100/100
|move|p2a: Rhyperior|Stealth Rock|p1a: Hydreigon
|-sidestart|p1: Neoqx|move: Stealth Rock
|
|upkeep
|turn|6
|
|t:|1644115381
|switch|p2a: Blissey|Blissey, F|100/100
|-damage|p2a: Blissey|88/100|[from] Stealth Rock
|move|p1a: Hydreigon|Fire Blast|p2a: Blissey
|-damage|p2a: Blissey|66/100
|
|-heal|p2a: Blissey|72/100|[from] item: Leftovers
|upkeep
|turn|7
|
|t:|1644115393
|switch|p1a: Skarmory|Skarmory, M|100/100
|-damage|p1a: Skarmory|88/100|[from] Stealth Rock
|move|p2a: Blissey|Wish|p2a: Blissey
|
|-heal|p1a: Skarmory|94/100|[from] item: Leftovers
|-heal|p2a: Blissey|79/100|[from] item: Leftovers
|upkeep
|turn|8
|
|t:|1644115409
|switch|p2a: Skarmory|Skarmory, M|100/100
|-damage|p2a: Skarmory|88/100|[from] Stealth Rock
|move|p1a: Skarmory|Defog|p2a: Skarmory
|-unboost|p2a: Skarmory|evasion|1
|-sideend|p2: EverLearning|Stealth Rock|[from] move: Defog|[of] p2a: Skarmory
|
|-heal|p2a: Skarmory|100/100|[from] move: Wish|[wisher] Blissey
|-heal|p1a: Skarmory|100/100|[from] item: Leftovers
|upkeep
|turn|9
|
|t:|1644115421
|move|p2a: Skarmory|Spikes|p1a: Skarmory
|-sidestart|p1: Neoqx|Spikes
|move|p1a: Skarmory|Whirlwind|p2a: Skarmory
|drag|p2a: Scizor|Scizor, F|100/100
|
|upkeep
|turn|10
|
|t:|1644115430
|switch|p2a: Skarmory|Skarmory, M|100/100
|move|p1a: Skarmory|Defog|p2a: Skarmory
|-unboost|p2a: Skarmory|evasion|1
|
|upkeep
|turn|11
|
|t:|1644115449
|move|p2a: Skarmory|Spikes|p1a: Skarmory
|-sidestart|p1: Neoqx|Spikes
|move|p1a: Skarmory|Whirlwind|p2a: Skarmory
|drag|p2a: Roserade|Roserade, M|100/100
|
|upkeep
|turn|12
|
|t:|1644115457
|switch|p2a: Skarmory|Skarmory, M|100/100
|switch|p1a: Hydreigon|Hydreigon, F|100/100
|-damage|p1a: Hydreigon|88/100|[from] Stealth Rock
|
|upkeep
|turn|13
|
|t:|1644115466
|switch|p2a: Blissey|Blissey, F|79/100
|move|p1a: Hydreigon|U-turn|p2a: Blissey
|-damage|p2a: Blissey|63/100
|
|t:|1644115478
|switch|p1a: Scizor|Scizor, F|100/100|[from]move: U-turn
|-damage|p1a: Scizor|88/100|[from] Stealth Rock
|-damage|p1a: Scizor|71/100|[from] Spikes
|
|-heal|p1a: Scizor|78/100|[from] item: Leftovers
|-heal|p2a: Blissey|69/100|[from] item: Leftovers
|upkeep
|turn|14
|
|t:|1644115491
|switch|p2a: Skarmory|Skarmory, M|100/100
|move|p1a: Scizor|Bug Bite|p2a: Skarmory
|-resisted|p2a: Skarmory
|-damage|p2a: Skarmory|95/100
|
|-heal|p1a: Scizor|84/100|[from] item: Leftovers
|upkeep
|turn|15
|
|t:|1644115500
|move|p2a: Skarmory|Spikes|p1a: Scizor
|-sidestart|p1: Neoqx|Spikes
|move|p1a: Scizor|U-turn|p2a: Skarmory
|-resisted|p2a: Skarmory
|-damage|p2a: Skarmory|91/100
|
|t:|1644115507
|switch|p1a: Hydreigon|Hydreigon, F|88/100|[from]move: U-turn
|-damage|p1a: Hydreigon|76/100|[from] Stealth Rock
|
|upkeep
|turn|16
|
|t:|1644115517
|switch|p2a: Rhyperior|Rhyperior, M|100/100
|move|p1a: Hydreigon|Draco Meteor|p2a: Rhyperior|[miss]
|-miss|p1a: Hydreigon|p2a: Rhyperior
|
|upkeep
|turn|17
|
|t:|1644115526
|switch|p1a: Skarmory|Skarmory, M|100/100
|-damage|p1a: Skarmory|88/100|[from] Stealth Rock
|switch|p2a: Blissey|Blissey, F|69/100
|
|-heal|p1a: Skarmory|94/100|[from] item: Leftovers
|-heal|p2a: Blissey|75/100|[from] item: Leftovers
|upkeep
|turn|18
|
|t:|1644115536
|move|p1a: Skarmory|Defog|p2a: Blissey
|-unboost|p2a: Blissey|evasion|1
|move|p2a: Blissey|Wish|p2a: Blissey
|
|-heal|p1a: Skarmory|100/100|[from] item: Leftovers
|-heal|p2a: Blissey|81/100|[from] item: Leftovers
|upkeep
|turn|19
|
|t:|1644115545
|switch|p2a: Skarmory|Skarmory, M|91/100
|move|p1a: Skarmory|Brave Bird|p2a: Skarmory
|-resisted|p2a: Skarmory
|-damage|p2a: Skarmory|82/100
|-damage|p1a: Skarmory|97/100|[from] Recoil
|
|-heal|p2a: Skarmory|100/100|[from] move: Wish|[wisher] Blissey
|-heal|p1a: Skarmory|100/100|[from] item: Leftovers
|upkeep
|turn|20
|
|t:|1644115557
|move|p1a: Skarmory|Whirlwind|p2a: Skarmory
|drag|p2a: Roserade|Roserade, M|100/100
|
|upkeep
|turn|21
|
|t:|1644115567
|switch|p2a: Rhyperior|Rhyperior, M|100/100
|switch|p1a: Mamoswine|Mamoswine, F|100/100
|-damage|p1a: Mamoswine|88/100|[from] Stealth Rock
|-damage|p1a: Mamoswine|63/100|[from] Spikes
|
|upkeep
|turn|22
|
|t:|1644115576
|switch|p2a: Skarmory|Skarmory, M|100/100
|move|p1a: Mamoswine|Stealth Rock|p2a: Skarmory
|-sidestart|p2: EverLearning|move: Stealth Rock
|
|upkeep
|turn|23
|
|t:|1644115583
|switch|p1a: Vaporeon|Vaporeon, F|100/100
|-damage|p1a: Vaporeon|88/100|[from] Stealth Rock
|-damage|p1a: Vaporeon|63/100|[from] Spikes
|move|p2a: Skarmory|Whirlwind|p1a: Vaporeon
|drag|p1a: Hydreigon|Hydreigon, F|76/100
|-damage|p1a: Hydreigon|64/100|[from] Stealth Rock
|
|upkeep
|turn|24
|
|t:|1644115594
|switch|p2a: Blissey|Blissey, F|81/100
|-damage|p2a: Blissey|69/100|[from] Stealth Rock
|move|p1a: Hydreigon|U-turn|p2a: Blissey
|-damage|p2a: Blissey|53/100
|
|t:|1644115601
|switch|p1a: Vaporeon|Vaporeon, F|63/100|[from]move: U-turn
|-damage|p1a: Vaporeon|50/100|[from] Stealth Rock
|-damage|p1a: Vaporeon|25/100|[from] Spikes
|
|-heal|p1a: Vaporeon|32/100|[from] item: Leftovers
|-heal|p2a: Blissey|60/100|[from] item: Leftovers
|upkeep
|turn|25
|
|t:|1644115612
|move|p1a: Vaporeon|Wish|p1a: Vaporeon
|move|p2a: Blissey|Toxic|p1a: Vaporeon
|-status|p1a: Vaporeon|tox
|
|-heal|p1a: Vaporeon|38/100 tox|[from] item: Leftovers
|-heal|p2a: Blissey|66/100|[from] item: Leftovers
|-damage|p1a: Vaporeon|32/100 tox|[from] psn
|upkeep
|turn|26
|
|t:|1644115621
|move|p1a: Vaporeon|Scald|p2a: Blissey
|-damage|p2a: Blissey|56/100
|move|p2a: Blissey|Wish|p2a: Blissey
|
|-heal|p1a: Vaporeon|82/100 tox|[from] move: Wish|[wisher] Vaporeon
|-heal|p1a: Vaporeon|88/100 tox|[from] item: Leftovers
|-heal|p2a: Blissey|62/100|[from] item: Leftovers
|-damage|p1a: Vaporeon|75/100 tox|[from] psn
|upkeep
|turn|27
|
|t:|1644115636
|move|p1a: Vaporeon|Wish|p1a: Vaporeon
|move|p2a: Blissey|Toxic|p1a: Vaporeon
|-fail|p1a: Vaporeon|tox
|
|-heal|p2a: Blissey|100/100|[from] move: Wish|[wisher] Blissey
|-heal|p1a: Vaporeon|82/100 tox|[from] item: Leftovers
|-damage|p1a: Vaporeon|63/100 tox|[from] psn
|upkeep
|turn|28
|
|t:|1644115645
|move|p1a: Vaporeon|Protect|p1a: Vaporeon
|-singleturn|p1a: Vaporeon|Protect
|move|p2a: Blissey|Toxic|p1a: Vaporeon
|-activate|p1a: Vaporeon|move: Protect
|
|-heal|p1a: Vaporeon|100/100 tox|[from] move: Wish|[wisher] Vaporeon
|-damage|p1a: Vaporeon|75/100 tox|[from] psn
|upkeep
|turn|29
|
|t:|1644115660
|switch|p1a: Skarmory|Skarmory, M|100/100
|-damage|p1a: Skarmory|88/100|[from] Stealth Rock
|switch|p2a: Skarmory|Skarmory, M|100/100
|-damage|p2a: Skarmory|88/100|[from] Stealth Rock
|
|-heal|p1a: Skarmory|94/100|[from] item: Leftovers
|upkeep
|turn|30
|
|t:|1644115670
|move|p2a: Skarmory|Whirlwind|p1a: Skarmory
|drag|p1a: Mamoswine|Mamoswine, F|63/100
|-damage|p1a: Mamoswine|38/100|[from] Spikes
|-damage|p1a: Mamoswine|26/100|[from] Stealth Rock
|
|upkeep
|turn|31
|
|t:|1644115678
|move|p1a: Mamoswine|Icicle Crash|p2a: Skarmory
|-damage|p2a: Skarmory|60/100
|cant|p2a: Skarmory|flinch
|
|upkeep
|turn|32
|
|t:|1644115684
|move|p1a: Mamoswine|Icicle Crash|p2a: Skarmory
|-damage|p2a: Skarmory|33/100
|move|p2a: Skarmory|Whirlwind|p1a: Mamoswine
|drag|p1a: Rotom|Rotom-Wash|100/100
|-damage|p1a: Rotom|88/100|[from] Stealth Rock
|
|-heal|p1a: Rotom|94/100|[from] item: Leftovers
|upkeep
|turn|33
|
|t:|1644115695
|switch|p2a: Blissey|Blissey, F|100/100
|-damage|p2a: Blissey|88/100|[from] Stealth Rock
|move|p1a: Rotom|Volt Switch|p2a: Blissey
|-damage|p2a: Blissey|80/100
|
|t:|1644115704
|switch|p1a: Skarmory|Skarmory, M|94/100|[from]move: Volt Switch
|-damage|p1a: Skarmory|82/100|[from] Stealth Rock
|
|-heal|p1a: Skarmory|88/100|[from] item: Leftovers
|-heal|p2a: Blissey|86/100|[from] item: Leftovers
|upkeep
|turn|34
|
|t:|1644115713
|move|p2a: Blissey|Wish|p2a: Blissey
|move|p1a: Skarmory|Whirlwind|p2a: Blissey
|drag|p2a: Skarmory|Skarmory, M|33/100
|-damage|p2a: Skarmory|21/100|[from] Stealth Rock
|
|-heal|p1a: Skarmory|94/100|[from] item: Leftovers
|upkeep
|turn|35
|
|t:|1644115722
|move|p2a: Skarmory|Taunt|p1a: Skarmory
|-start|p1a: Skarmory|move: Taunt
|cant|p1a: Skarmory|move: Taunt|Whirlwind
|
|-heal|p2a: Skarmory|100/100|[from] move: Wish|[wisher] Blissey
|-heal|p1a: Skarmory|100/100|[from] item: Leftovers
|upkeep
|turn|36
|
|t:|1644115737
|switch|p1a: Rotom|Rotom-Wash|94/100
|-damage|p1a: Rotom|82/100|[from] Stealth Rock
|move|p2a: Skarmory|Whirlwind|p1a: Rotom
|drag|p1a: Skarmory|Skarmory, M|100/100
|-damage|p1a: Skarmory|88/100|[from] Stealth Rock
|
|-heal|p1a: Skarmory|94/100|[from] item: Leftovers
|upkeep
|turn|37
|
|t:|1644115748
|move|p1a: Skarmory|Brave Bird|p2a: Skarmory
|-resisted|p2a: Skarmory
|-damage|p2a: Skarmory|89/100
|-damage|p1a: Skarmory|91/100|[from] Recoil
|move|p2a: Skarmory|Taunt|p1a: Skarmory
|-start|p1a: Skarmory|move: Taunt
|
|-heal|p1a: Skarmory|97/100|[from] item: Leftovers
|upkeep
|turn|38
|
|t:|1644115758
|switch|p1a: Rotom|Rotom-Wash|82/100
|-damage|p1a: Rotom|70/100|[from] Stealth Rock
|move|p2a: Skarmory|Whirlwind|p1a: Rotom
|drag|p1a: Mamoswine|Mamoswine, F|26/100
|-damage|p1a: Mamoswine|13/100|[from] Stealth Rock
|-damage|p1a: Mamoswine|0 fnt|[from] Spikes
|faint|p1a: Mamoswine
|
|upkeep
|
|t:|1644115767
|switch|p1a: Hydreigon|Hydreigon, F|64/100
|-damage|p1a: Hydreigon|51/100|[from] Stealth Rock
|turn|39
|
|t:|1644115776
|switch|p2a: Blissey|Blissey, F|86/100
|-damage|p2a: Blissey|74/100|[from] Stealth Rock
|move|p1a: Hydreigon|Focus Blast|p2a: Blissey
|-supereffective|p2a: Blissey
|-damage|p2a: Blissey|32/100
|
|-heal|p2a: Blissey|38/100|[from] item: Leftovers
|upkeep
|turn|40
|
|t:|1644115787
|move|p2a: Blissey|Protect|p2a: Blissey
|-singleturn|p2a: Blissey|Protect
|move|p1a: Hydreigon|Focus Blast|p2a: Blissey
|-activate|p2a: Blissey|move: Protect
|
|-heal|p2a: Blissey|44/100|[from] item: Leftovers
|upkeep
|turn|41
|
|t:|1644115795
|move|p1a: Hydreigon|Focus Blast|p2a: Blissey
|-supereffective|p2a: Blissey
|-damage|p2a: Blissey|2/100
|move|p2a: Blissey|Toxic|p1a: Hydreigon
|-status|p1a: Hydreigon|tox
|
|-heal|p2a: Blissey|8/100|[from] item: Leftovers
|-damage|p1a: Hydreigon|45/100 tox|[from] psn
|upkeep
|turn|42
|
|t:|1644115807
|switch|p1a: Skarmory|Skarmory, M|97/100
|-damage|p1a: Skarmory|85/100|[from] Stealth Rock
|move|p2a: Blissey|Protect||[still]
|-fail|p2a: Blissey
|
|-heal|p1a: Skarmory|91/100|[from] item: Leftovers
|-heal|p2a: Blissey|15/100|[from] item: Leftovers
|upkeep
|turn|43
|
|t:|1644115818
|move|p2a: Blissey|Wish|p2a: Blissey
|move|p1a: Skarmory|Whirlwind|p2a: Blissey
|drag|p2a: Kingdra|Kingdra, F|100/100
|-damage|p2a: Kingdra|88/100|[from] Stealth Rock
|
|-heal|p1a: Skarmory|97/100|[from] item: Leftovers
|upkeep
|turn|44
|
|t:|1644115829
|move|p2a: Kingdra|Ice Beam|p1a: Skarmory
|-damage|p1a: Skarmory|47/100
|-damage|p2a: Kingdra|78/100|[from] item: Life Orb
|move|p1a: Skarmory|Brave Bird|p2a: Kingdra
|-crit|p2a: Kingdra
|-damage|p2a: Kingdra|0 fnt
|faint|p2a: Kingdra
|-damage|p1a: Skarmory|24/100|[from] Recoil
|
|-heal|p1a: Skarmory|30/100|[from] item: Leftovers
|upkeep
|
|t:|1644115842
|switch|p2a: Skarmory|Skarmory, M|89/100
|-damage|p2a: Skarmory|77/100|[from] Stealth Rock
|turn|45
|
|t:|1644115846
|move|p1a: Skarmory|Roost|p1a: Skarmory
|-heal|p1a: Skarmory|81/100
|-singleturn|p1a: Skarmory|move: Roost
|move|p2a: Skarmory|Taunt|p1a: Skarmory
|-start|p1a: Skarmory|move: Taunt
|
|-heal|p1a: Skarmory|87/100|[from] item: Leftovers
|upkeep
|turn|46
|
|t:|1644115856
|switch|p1a: Vaporeon|Vaporeon, F|75/100 tox
|-damage|p1a: Vaporeon|63/100 tox|[from] Stealth Rock
|-damage|p1a: Vaporeon|38/100 tox|[from] Spikes
|move|p2a: Skarmory|Whirlwind|p1a: Vaporeon
|drag|p1a: Scizor|Scizor, F|84/100
|-damage|p1a: Scizor|59/100|[from] Spikes
|-damage|p1a: Scizor|46/100|[from] Stealth Rock
|
|-heal|p1a: Scizor|52/100|[from] item: Leftovers
|upkeep
|turn|47
|
|t:|1644115869
|move|p1a: Scizor|Roost|p1a: Scizor
|-heal|p1a: Scizor|100/100
|-singleturn|p1a: Scizor|move: Roost
|move|p2a: Skarmory|Whirlwind|p1a: Scizor
|drag|p1a: Rotom|Rotom-Wash|70/100
|-damage|p1a: Rotom|58/100|[from] Stealth Rock
|
|-heal|p1a: Rotom|64/100|[from] item: Leftovers
|upkeep
|turn|48
|
|t:|1644115881
|switch|p2a: Rhyperior|Rhyperior, M|100/100
|-damage|p2a: Rhyperior|94/100|[from] Stealth Rock
|move|p1a: Rotom|Pain Split|p2a: Rhyperior
|-sethp|p2a: Rhyperior|69/100|[from] move: Pain Split|[silent]
|-sethp|p1a: Rotom|99/100|[from] move: Pain Split
|
|-heal|p1a: Rotom|100/100|[from] item: Leftovers
|-heal|p2a: Rhyperior|76/100|[from] item: Leftovers
|upkeep
|turn|49
|
|t:|1644115893
|move|p1a: Rotom|Hydro Pump|p2a: Rhyperior
|-supereffective|p2a: Rhyperior
|-damage|p2a: Rhyperior|0 fnt
|faint|p2a: Rhyperior
|
|upkeep
|-message|EverLearning forfeited.
|
|win|Neoqx
|raw|Neoqx's rating: 1000 &rarr; <strong>1049</strong><br />(+49 for winning)
|raw|EverLearning's rating: 1075 &rarr; <strong>1049</strong><br />(-26 for losing)
|l|☆EverLearning
