|j|☆kardashev lv3
|j|☆rexxonmobile
|t:|1643898149
|gametype|singles
|player|p1|kardashev lv3|aaron|1284
|player|p2|rexxonmobile|170|1172
|teamsize|p1|6
|teamsize|p2|6
|gen|5
|tier|[Gen 5] OU
|rated|
|rule|Species Clause: Limit one of each Pokémon
|rule|OHKO Clause: OHKO moves are banned
|rule|Moody Clause: Moody is banned
|rule|Evasion Moves Clause: Evasion moves are banned
|rule|Endless Battle Clause: Forcing endless battles is banned
|rule|HP Percentage Mod: HP is shown in percentages
|rule|Evasion Abilities Clause: Evasion abilities are banned
|rule|Sleep Clause: Sleep-inducing moves are banned
|rule|Swagger Clause: Swagger is banned
|clearpoke
|poke|p1|Latios, M|item
|poke|p1|Latias, F|item
|poke|p1|Magnezone|item
|poke|p1|Scizor, F|item
|poke|p1|Garchomp, M|item
|poke|p1|Vaporeon, F|item
|poke|p2|Politoed, M|item
|poke|p2|Tentacruel, F|item
|poke|p2|Jirachi|item
|poke|p2|Thundurus-Therian, M|item
|poke|p2|Breloom, M|item
|poke|p2|Latios, M|item
|teampreview
|inactive|Battle timer is ON: inactive players will automatically lose when time's up. (requested by kardashev lv3)
|inactive|rexxonmobile has 120 seconds left.
|
|t:|1643898185
|start
|switch|p1a: Latios|Latios, M|100/100
|switch|p2a: Latios|Latios, M|100/100
|turn|1
|
|t:|1643898192
|switch|p1a: Scizor|Scizor, F|100/100
|switch|p2a: Jirachi|Jirachi|100/100
|
|upkeep
|turn|2
|
|t:|1643898199
|switch|p1a: Magnezone|Magnezone|100/100
|move|p2a: Jirachi|U-turn|p1a: Magnezone
|-resisted|p1a: Magnezone
|-damage|p1a: Magnezone|93/100
|
|t:|1643898204
|switch|p2a: Breloom|Breloom, M|100/100|[from]move: U-turn
|
|-heal|p1a: Magnezone|99/100|[from] item: Leftovers
|-status|p2a: Breloom|tox|[from] item: Toxic Orb
|upkeep
|turn|3
|
|t:|1643898212
|move|p2a: Breloom|Drain Punch|p1a: Magnezone
|-supereffective|p1a: Magnezone
|-damage|p1a: Magnezone|35/100
|move|p1a: Magnezone|Volt Switch|p2a: Breloom
|-resisted|p2a: Breloom
|-damage|p2a: Breloom|72/100 tox
|
|t:|1643898219
|switch|p1a: Latios|Latios, M|100/100|[from]move: Volt Switch
|
|-heal|p2a: Breloom|84/100 tox|[from] ability: Poison Heal
|upkeep
|turn|4
|
|t:|1643898226
|move|p2a: Breloom|Protect|p2a: Breloom
|-singleturn|p2a: Breloom|Protect
|move|p1a: Latios|Dragon Pulse|p2a: Breloom
|-activate|p2a: Breloom|move: Protect
|
|-heal|p2a: Breloom|97/100 tox|[from] ability: Poison Heal
|upkeep
|turn|5
|
|t:|1643898237
|switch|p2a: Jirachi|Jirachi|100/100
|move|p1a: Latios|Dragon Pulse|p2a: Jirachi
|-resisted|p2a: Jirachi
|-damage|p2a: Jirachi|77/100
|
|-heal|p2a: Jirachi|83/100|[from] item: Leftovers
|upkeep
|turn|6
|
|t:|1643898246
|switch|p1a: Vaporeon|Vaporeon, F|100/100
|move|p2a: Jirachi|Stealth Rock|p1a: Vaporeon
|-sidestart|p1: kardashev lv3|move: Stealth Rock
|
|-heal|p2a: Jirachi|89/100|[from] item: Leftovers
|upkeep
|turn|7
|
|t:|1643898259
|move|p2a: Jirachi|Wish|p2a: Jirachi
|move|p1a: Vaporeon|Scald|p2a: Jirachi
|-crit|p2a: Jirachi
|-damage|p2a: Jirachi|37/100
|
|-heal|p2a: Jirachi|43/100|[from] item: Leftovers
|upkeep
|turn|8
|
|t:|1643898272
|move|p2a: Jirachi|U-turn|p1a: Vaporeon
|-damage|p1a: Vaporeon|82/100
|
|t:|1643898274
|switch|p2a: Breloom|Breloom, M|97/100 tox|[from]move: U-turn
|move|p1a: Vaporeon|Scald|p2a: Breloom
|-resisted|p2a: Breloom
|-damage|p2a: Breloom|65/100 tox
|
|-heal|p2a: Breloom|100/100 tox|[from] move: Wish|[wisher] Jirachi
|-heal|p1a: Vaporeon|88/100|[from] item: Leftovers
|upkeep
|turn|9
|
|t:|1643898288
|move|p2a: Breloom|Seed Bomb|p1a: Vaporeon
|-supereffective|p1a: Vaporeon
|-damage|p1a: Vaporeon|0 fnt
|faint|p1a: Vaporeon
|
|upkeep
|
|t:|1643898293
|switch|p1a: Scizor|Scizor, F|100/100
|-damage|p1a: Scizor|88/100|[from] Stealth Rock
|turn|10
|
|t:|1643898298
|move|p2a: Breloom|Drain Punch|p1a: Scizor
|-damage|p1a: Scizor|52/100
|move|p1a: Scizor|Swords Dance|p1a: Scizor
|-boost|p1a: Scizor|atk|2
|
|-heal|p1a: Scizor|58/100|[from] item: Leftovers
|upkeep
|turn|11
|
|t:|1643898307
|move|p2a: Breloom|Drain Punch|p1a: Scizor
|-damage|p1a: Scizor|16/100
|move|p1a: Scizor|Roost|p1a: Scizor
|-heal|p1a: Scizor|66/100
|-singleturn|p1a: Scizor|move: Roost
|
|-heal|p1a: Scizor|72/100|[from] item: Leftovers
|upkeep
|turn|12
|
|t:|1643898321
|switch|p2a: Latios|Latios, M|100/100
|move|p1a: Scizor|Bullet Punch|p2a: Latios
|-damage|p2a: Latios|8/100
|
|-heal|p1a: Scizor|78/100|[from] item: Leftovers
|upkeep
|turn|13
|
|t:|1643898335
|move|p1a: Scizor|Bullet Punch|p2a: Latios
|-damage|p2a: Latios|0 fnt
|faint|p2a: Latios
|
|-heal|p1a: Scizor|84/100|[from] item: Leftovers
|upkeep
|
|t:|1643898340
|switch|p2a: Politoed|Politoed, M|100/100
|-weather|RainDance|[from] ability: Drizzle|[of] p2a: Politoed
|turn|14
|
|t:|1643898365
|move|p2a: Politoed|Encore|p1a: Scizor
|-start|p1a: Scizor|Encore
|move|p1a: Scizor|Bullet Punch|p2a: Politoed
|-resisted|p2a: Politoed
|-damage|p2a: Politoed|74/100
|
|-weather|RainDance|[upkeep]
|-heal|p2a: Politoed|80/100|[from] item: Leftovers
|-heal|p1a: Scizor|90/100|[from] item: Leftovers
|upkeep
|turn|15
|
|t:|1643898373
|switch|p1a: Latias|Latias, F|100/100
|-damage|p1a: Latias|88/100|[from] Stealth Rock
|move|p2a: Politoed|Scald|p1a: Latias
|-resisted|p1a: Latias
|-damage|p1a: Latias|72/100
|
|-weather|RainDance|[upkeep]
|-heal|p1a: Latias|78/100|[from] item: Leftovers
|-heal|p2a: Politoed|86/100|[from] item: Leftovers
|upkeep
|turn|16
|
|t:|1643898384
|move|p1a: Latias|Calm Mind|p1a: Latias
|-boost|p1a: Latias|spa|1
|-boost|p1a: Latias|spd|1
|move|p2a: Politoed|Toxic|p1a: Latias
|-status|p1a: Latias|tox
|
|-weather|RainDance|[upkeep]
|-heal|p1a: Latias|84/100 tox|[from] item: Leftovers
|-heal|p2a: Politoed|93/100|[from] item: Leftovers
|-damage|p1a: Latias|78/100 tox|[from] psn
|upkeep
|turn|17
|
|t:|1643898399
|move|p1a: Latias|Psyshock|p2a: Politoed
|-damage|p2a: Politoed|58/100
|move|p2a: Politoed|Encore|p1a: Latias
|-start|p1a: Latias|Encore
|
|-weather|RainDance|[upkeep]
|-heal|p1a: Latias|84/100 tox|[from] item: Leftovers
|-heal|p2a: Politoed|64/100|[from] item: Leftovers
|-damage|p1a: Latias|72/100 tox|[from] psn
|upkeep
|turn|18
|
|t:|1643898408
|switch|p2a: Jirachi|Jirachi|43/100
|move|p1a: Latias|Psyshock|p2a: Jirachi
|-resisted|p2a: Jirachi
|-damage|p2a: Jirachi|35/100
|
|-weather|RainDance|[upkeep]
|-heal|p1a: Latias|78/100 tox|[from] item: Leftovers
|-heal|p2a: Jirachi|41/100|[from] item: Leftovers
|-damage|p1a: Latias|60/100 tox|[from] psn
|upkeep
|turn|19
|
|t:|1643898418
|switch|p1a: Garchomp|Garchomp, M|100/100
|-damage|p1a: Garchomp|94/100|[from] Stealth Rock
|move|p2a: Jirachi|Wish|p2a: Jirachi
|
|-weather|RainDance|[upkeep]
|-heal|p1a: Garchomp|100/100|[from] item: Leftovers
|-heal|p2a: Jirachi|47/100|[from] item: Leftovers
|upkeep
|turn|20
|
|t:|1643898427
|switch|p2a: Thundurus|Thundurus-Therian, M|100/100
|move|p1a: Garchomp|Swords Dance|p1a: Garchomp
|-boost|p1a: Garchomp|atk|2
|
|-weather|RainDance|[upkeep]
|upkeep
|turn|21
|
|t:|1643898433
|move|p1a: Garchomp|Dragon Claw|p2a: Thundurus
|-damage|p2a: Thundurus|6/100
|move|p2a: Thundurus|Hidden Power|p1a: Garchomp
|-supereffective|p1a: Garchomp
|-damage|p1a: Garchomp|0 fnt
|faint|p1a: Garchomp
|
|-weather|RainDance|[upkeep]
|-heal|p2a: Thundurus|12/100|[from] item: Leftovers
|upkeep
|
|t:|1643898441
|switch|p1a: Scizor|Scizor, F|90/100
|-damage|p1a: Scizor|78/100|[from] Stealth Rock
|turn|22
|
|t:|1643898446
|move|p1a: Scizor|Bullet Punch|p2a: Thundurus
|-resisted|p2a: Thundurus
|-crit|p2a: Thundurus
|-damage|p2a: Thundurus|0 fnt
|faint|p2a: Thundurus
|
|-weather|RainDance|[upkeep]
|-heal|p1a: Scizor|84/100|[from] item: Leftovers
|upkeep
|
|t:|1643898449
|switch|p2a: Breloom|Breloom, M|100/100 tox
|turn|23
|
|t:|1643898458
|switch|p2a: Politoed|Politoed, M|64/100
|move|p1a: Scizor|Bullet Punch|p2a: Politoed
|-resisted|p2a: Politoed
|-damage|p2a: Politoed|51/100
|
|-weather|RainDance|[upkeep]
|-heal|p2a: Politoed|57/100|[from] item: Leftovers
|-heal|p1a: Scizor|90/100|[from] item: Leftovers
|upkeep
|turn|24
|inactive|rexxonmobile has 120 seconds left.
|
|t:|1643898504
|switch|p1a: Latios|Latios, M|100/100
|-damage|p1a: Latios|88/100|[from] Stealth Rock
|move|p2a: Politoed|Toxic|p1a: Latios
|-status|p1a: Latios|tox
|
|-weather|RainDance|[upkeep]
|-heal|p2a: Politoed|63/100|[from] item: Leftovers
|-damage|p1a: Latios|82/100 tox|[from] psn
|upkeep
|turn|25
|
|t:|1643898526
|move|p2a: Politoed|Protect|p2a: Politoed
|-singleturn|p2a: Politoed|Protect
|move|p1a: Latios|Dragon Pulse|p2a: Politoed
|-activate|p2a: Politoed|move: Protect
|
|-weather|RainDance|[upkeep]
|-heal|p2a: Politoed|70/100|[from] item: Leftovers
|-damage|p1a: Latios|70/100 tox|[from] psn
|upkeep
|turn|26
|
|t:|1643898544
|switch|p1a: Magnezone|Magnezone|35/100
|-damage|p1a: Magnezone|29/100|[from] Stealth Rock
|switch|p2a: Tentacruel|Tentacruel, F|100/100
|
|-weather|RainDance|[upkeep]
|-heal|p1a: Magnezone|35/100|[from] item: Leftovers
|upkeep
|turn|27
|
|t:|1643898554
|move|p1a: Magnezone|Protect|p1a: Magnezone
|-singleturn|p1a: Magnezone|Protect
|move|p2a: Tentacruel|Scald|p1a: Magnezone
|-activate|p1a: Magnezone|move: Protect
|
|-weather|RainDance|[upkeep]
|-heal|p1a: Magnezone|41/100|[from] item: Leftovers
|upkeep
|turn|28
|
|t:|1643898564
|switch|p2a: Breloom|Breloom, M|100/100 tox
|move|p1a: Magnezone|Volt Switch|p2a: Breloom
|-resisted|p2a: Breloom
|-damage|p2a: Breloom|72/100 tox
|
|t:|1643898570
|switch|p1a: Scizor|Scizor, F|90/100|[from]move: Volt Switch
|-damage|p1a: Scizor|78/100|[from] Stealth Rock
|
|-weather|RainDance|[upkeep]
|-heal|p1a: Scizor|84/100|[from] item: Leftovers
|-heal|p2a: Breloom|85/100 tox|[from] ability: Poison Heal
|upkeep
|turn|29
|inactive|rexxonmobile has 120 seconds left.
|
|t:|1643898578
|switch|p2a: Politoed|Politoed, M|70/100
|move|p1a: Scizor|Swords Dance|p1a: Scizor
|-boost|p1a: Scizor|atk|2
|
|-weather|RainDance|[upkeep]
|-heal|p2a: Politoed|76/100|[from] item: Leftovers
|-heal|p1a: Scizor|90/100|[from] item: Leftovers
|upkeep
|turn|30
|
|t:|1643898586
|move|p2a: Politoed|Encore|p1a: Scizor
|-start|p1a: Scizor|Encore
|move|p1a: Scizor|Swords Dance|p1a: Scizor
|-boost|p1a: Scizor|atk|2
|
|-weather|RainDance|[upkeep]
|-heal|p2a: Politoed|82/100|[from] item: Leftovers
|-heal|p1a: Scizor|96/100|[from] item: Leftovers
|upkeep
|turn|31
|l|☆kardashev lv3
|inactive|kardashev lv3 disconnected and has a minute to reconnect!
|player|p1|
|inactive|kardashev lv3 has 30 seconds to reconnect!
|inactive|kardashev lv3 has 20 seconds to reconnect!
|inactive|kardashev lv3 has 15 seconds to reconnect!
|inactive|kardashev lv3 has 10 seconds to reconnect!
|inactive|kardashev lv3 has 5 seconds to reconnect!
|-message|kardashev lv3 lost due to inactivity.
|
|win|rexxonmobile
|raw|kardashev lv3's rating: 1284 &rarr; <strong>1251</strong><br />(-33 for losing)
|raw|rexxonmobile's rating: 1172 &rarr; <strong>1205</strong><br />(+33 for winning)
||Ladder isn't responding, score probably updated but might not have (Request timeout).
