|j|☆Lift Tunes
|j|☆julianelvengador
|inactive|Battle timer is ON: inactive players will automatically lose when time's up.
|t:|1639794329
|gametype|singles
|player|p1|Lift Tunes|ethan|
|player|p2|julianelvengador|striker|
|teamsize|p1|6
|teamsize|p2|6
|gen|5
|tier|[Gen 5] LC
|rated|Tournament battle
|rule|Species Clause: Limit one of each Pokémon
|rule|OHKO Clause: OHKO moves are banned
|rule|Moody Clause: Moody is banned
|rule|Evasion Moves Clause: Evasion moves are banned
|rule|Endless Battle Clause: Forcing endless battles is banned
|rule|HP Percentage Mod: HP is shown in percentages
|rule|Sleep Clause: Sleep-inducing moves are banned
|clearpoke
|poke|p1|Hippopotas, L5, M|item
|poke|p1|Lileep, L5, M|item
|poke|p1|Bronzor, L5|item
|poke|p1|Natu, L5, F|item
|poke|p1|Timburr, L5, M|item
|poke|p1|Frillish, L5, F|item
|poke|p2|Snover, L5, M|item
|poke|p2|Munchlax, L5, M|item
|poke|p2|Drilbur, L5, F|item
|poke|p2|Timburr, L5, M|item
|poke|p2|Abra, L5, M|item
|poke|p2|Carvanha, L5, M|item
|teampreview
|
|t:|1639794339
|start
|switch|p1a: Hippopotas|Hippopotas, L5, M|100/100
|switch|p2a: Carvanha|Carvanha, L5, M|100/100
|-weather|Sandstorm|[from] ability: Sand Stream|[of] p1a: Hippopotas
|turn|1
|
|t:|1639794343
|switch|p1a: Lileep|Lileep, L5, M|100/100
|move|p2a: Carvanha|Waterfall|p1a: Lileep
|-ability|p1a: Lileep|Storm Drain|boost
|-boost|p1a: Lileep|spa|1
|
|-weather|Sandstorm|[upkeep]
|-damage|p2a: Carvanha|96/100|[from] Sandstorm
|-ability|p2a: Carvanha|Speed Boost|boost
|-boost|p2a: Carvanha|spe|1
|upkeep
|turn|2
|j| FruitDogs
|
|t:|1639794354
|switch|p2a: Snover|Snover, L5, M|100/100
|-weather|Hail|[from] ability: Snow Warning|[of] p2a: Snover
|move|p1a: Lileep|Toxic|p2a: Snover
|-status|p2a: Snover|tox
|
|-weather|Hail|[upkeep]
|-damage|p1a: Lileep|96/100|[from] Hail
|-damage|p2a: Snover|96/100 tox|[from] psn
|upkeep
|turn|3
|
|t:|1639794358
|switch|p1a: Bronzor|Bronzor, L5|100/100
|move|p2a: Snover|Blizzard|p1a: Bronzor
|-resisted|p1a: Bronzor
|-damage|p1a: Bronzor|84/100
|
|-weather|Hail|[upkeep]
|-damage|p1a: Bronzor|80/100|[from] Hail
|-damage|p2a: Snover|87/100 tox|[from] psn
|upkeep
|turn|4
|
|t:|1639794367
|switch|p2a: Carvanha|Carvanha, L5, M|96/100
|move|p1a: Bronzor|Psychic|p2a: Carvanha
|-immune|p2a: Carvanha
|
|-weather|Hail|[upkeep]
|-damage|p2a: Carvanha|91/100|[from] Hail
|-damage|p1a: Bronzor|75/100|[from] Hail
|upkeep
|turn|5
|
|t:|1639794371
|switch|p1a: Lileep|Lileep, L5, M|96/100
|move|p2a: Carvanha|Crunch|p1a: Lileep
|-damage|p1a: Lileep|60/100
|-damage|p2a: Carvanha|81/100|[from] item: Life Orb
|
|-weather|Hail|[upkeep]
|-damage|p2a: Carvanha|77/100|[from] Hail
|-damage|p1a: Lileep|57/100|[from] Hail
|-ability|p2a: Carvanha|Speed Boost|boost
|-boost|p2a: Carvanha|spe|1
|upkeep
|turn|6
|
|t:|1639794381
|switch|p2a: Snover|Snover, L5, M|87/100 tox
|move|p1a: Lileep|Recover|p1a: Lileep
|-heal|p1a: Lileep|100/100
|
|-weather|Hail|[upkeep]
|-damage|p1a: Lileep|96/100|[from] Hail
|-damage|p2a: Snover|82/100 tox|[from] psn
|upkeep
|turn|7
|
|t:|1639794393
|switch|p2a: Abra|Abra, L5, M|100/100
|switch|p1a: Bronzor|Bronzor, L5|75/100
|
|-weather|Hail|[upkeep]
|-damage|p1a: Bronzor|71/100|[from] Hail
|upkeep
|turn|8
|
|t:|1639794405
|move|p2a: Abra|Thunder Wave|p1a: Bronzor
|-status|p1a: Bronzor|par
|move|p1a: Bronzor|Psychic|p2a: Abra
|-resisted|p2a: Abra
|-damage|p2a: Abra|74/100
|
|-weather|Hail|[upkeep]
|-damage|p1a: Bronzor|67/100 par|[from] Hail
|upkeep
|turn|9
|
|t:|1639794410
|move|p2a: Abra|Psychic|p1a: Bronzor
|-resisted|p1a: Bronzor
|-damage|p1a: Bronzor|59/100 par
|cant|p1a: Bronzor|par
|
|-weather|Hail|[upkeep]
|-damage|p1a: Bronzor|55/100 par|[from] Hail
|upkeep
|turn|10
|
|t:|1639794415
|move|p2a: Abra|Hidden Power|p1a: Bronzor
|-damage|p1a: Bronzor|34/100 par
|cant|p1a: Bronzor|par
|
|-weather|Hail|[upkeep]
|-damage|p1a: Bronzor|30/100 par|[from] Hail
|upkeep
|turn|11
|
|t:|1639794419
|move|p2a: Abra|Hidden Power|p1a: Bronzor
|-damage|p1a: Bronzor|9/100 par
|move|p1a: Bronzor|Rest|p1a: Bronzor
|-status|p1a: Bronzor|slp|[from] move: Rest
|-heal|p1a: Bronzor|100/100 slp|[silent]
|
|-weather|Hail|[upkeep]
|-damage|p1a: Bronzor|96/100 slp|[from] Hail
|upkeep
|turn|12
|
|t:|1639794424
|switch|p2a: Timburr|Timburr, L5, M|100/100
|switch|p1a: Hippopotas|Hippopotas, L5, M|100/100
|-weather|Sandstorm|[from] ability: Sand Stream|[of] p1a: Hippopotas
|
|-weather|Sandstorm|[upkeep]
|-damage|p2a: Timburr|96/100|[from] Sandstorm
|upkeep
|turn|13
|
|t:|1639794429
|move|p1a: Hippopotas|Stealth Rock|p2a: Timburr
|-sidestart|p2: julianelvengador|move: Stealth Rock
|move|p2a: Timburr|Bulk Up|p2a: Timburr
|-boost|p2a: Timburr|atk|1
|-boost|p2a: Timburr|def|1
|
|-weather|Sandstorm|[upkeep]
|-damage|p2a: Timburr|92/100|[from] Sandstorm
|upkeep
|turn|14
|
|t:|1639794432
|move|p2a: Timburr|Bulk Up|p2a: Timburr
|-boost|p2a: Timburr|atk|1
|-boost|p2a: Timburr|def|1
|move|p1a: Hippopotas|Whirlwind|p2a: Timburr
|drag|p2a: Munchlax|Munchlax, L5, M|100/100
|-damage|p2a: Munchlax|90/100|[from] Stealth Rock
|
|-weather|Sandstorm|[upkeep]
|-damage|p2a: Munchlax|87/100|[from] Sandstorm
|upkeep
|turn|15
|
|t:|1639794439
|move|p1a: Hippopotas|Earthquake|p2a: Munchlax
|-damage|p2a: Munchlax|54/100
|move|p2a: Munchlax|Pursuit|p1a: Hippopotas
|-damage|p1a: Hippopotas|84/100
|
|-weather|Sandstorm|[upkeep]
|-damage|p2a: Munchlax|50/100|[from] Sandstorm
|upkeep
|turn|16
|
|t:|1639794444
|move|p1a: Hippopotas|Earthquake|p2a: Munchlax
|-damage|p2a: Munchlax|10/100
|move|p2a: Munchlax|Return|p1a: Hippopotas
|-damage|p1a: Hippopotas|48/100
|
|-weather|Sandstorm|[upkeep]
|-damage|p2a: Munchlax|7/100|[from] Sandstorm
|upkeep
|turn|17
|
|t:|1639794447
|move|p1a: Hippopotas|Slack Off|p1a: Hippopotas
|-heal|p1a: Hippopotas|100/100
|move|p2a: Munchlax|Return|p1a: Hippopotas
|-damage|p1a: Hippopotas|72/100
|
|-weather|Sandstorm|[upkeep]
|-damage|p2a: Munchlax|4/100|[from] Sandstorm
|upkeep
|turn|18
|
|t:|1639794451
|move|p1a: Hippopotas|Earthquake|p2a: Munchlax
|-damage|p2a: Munchlax|0 fnt
|faint|p2a: Munchlax
|
|-weather|Sandstorm|[upkeep]
|upkeep
|
|t:|1639794454
|switch|p2a: Snover|Snover, L5, M|82/100 tox
|-damage|p2a: Snover|60/100 tox|[from] Stealth Rock
|-weather|Hail|[from] ability: Snow Warning|[of] p2a: Snover
|turn|19
|
|t:|1639794461
|switch|p2a: Abra|Abra, L5, M|74/100
|switch|p1a: Bronzor|Bronzor, L5|96/100 slp
|
|-weather|Hail|[upkeep]
|-damage|p1a: Bronzor|92/100 slp|[from] Hail
|upkeep
|turn|20
|
|t:|1639794472
|move|p2a: Abra|Hidden Power|p1a: Bronzor
|-damage|p1a: Bronzor|71/100 slp
|cant|p1a: Bronzor|slp
|move|p1a: Bronzor|Sleep Talk|p1a: Bronzor
|move|p1a: Bronzor|Rest||[from]move: Sleep Talk|[still]
|-fail|p1a: Bronzor
|
|-weather|Hail|[upkeep]
|-damage|p1a: Bronzor|67/100 slp|[from] Hail
|upkeep
|turn|21
|
|t:|1639794476
|switch|p2a: Carvanha|Carvanha, L5, M|77/100
|-damage|p2a: Carvanha|67/100|[from] Stealth Rock
|cant|p1a: Bronzor|slp
|move|p1a: Bronzor|Sleep Talk|p1a: Bronzor
|move|p1a: Bronzor|Calm Mind|p1a: Bronzor|[from]move: Sleep Talk
|-boost|p1a: Bronzor|spa|1
|-boost|p1a: Bronzor|spd|1
|
|-weather|Hail|[upkeep]
|-damage|p2a: Carvanha|62/100|[from] Hail
|-damage|p1a: Bronzor|63/100 slp|[from] Hail
|upkeep
|turn|22
|
|t:|1639794483
|move|p2a: Carvanha|Crunch|p1a: Bronzor
|-damage|p1a: Bronzor|25/100 slp
|-damage|p2a: Carvanha|53/100|[from] item: Life Orb
|-curestatus|p1a: Bronzor|slp|[msg]
|move|p1a: Bronzor|Rest|p1a: Bronzor
|-status|p1a: Bronzor|slp|[from] move: Rest
|-heal|p1a: Bronzor|100/100 slp|[silent]
|
|-weather|Hail|[upkeep]
|-damage|p2a: Carvanha|48/100|[from] Hail
|-damage|p1a: Bronzor|96/100 slp|[from] Hail
|-ability|p2a: Carvanha|Speed Boost|boost
|-boost|p2a: Carvanha|spe|1
|upkeep
|turn|23
|-message|julianelvengador forfeited.
|
|win|Lift Tunes
|n|☆Lift Tunes|lifttunes
|n|☆julianelvengador|julianelvengador
|n| FruitDogs|fruitdogs
