|j|☆Cthulhucanuck
|j|‽Hilda the Girl
|t:|1641934048
|gametype|singles
|player|p1|Cthulhucanuck|caitlin|1071
|player|p2|Hilda the Girl|hilda|1000
|teamsize|p1|6
|teamsize|p2|6
|gen|5
|tier|[Gen 5] NU
|rated|
|rule|Species Clause: Limit one of each Pokémon
|rule|OHKO Clause: OHKO moves are banned
|rule|Moody Clause: Moody is banned
|rule|Evasion Moves Clause: Evasion moves are banned
|rule|Endless Battle Clause: Forcing endless battles is banned
|rule|HP Percentage Mod: HP is shown in percentages
|rule|Evasion Abilities Clause: Evasion abilities are banned
|rule|Swagger Clause: Swagger is banned
|rule|Baton Pass Clause: Limit one Baton Passer, can't pass Spe and other stats simultaneously
|rule|Sleep Clause Mod: Limit one foe put to sleep
|clearpoke
|poke|p1|Drifblim, F|item
|poke|p1|Gurdurr, F|item
|poke|p1|Samurott, F|item
|poke|p1|Eelektross, F|item
|poke|p1|Skuntank, M|item
|poke|p1|Exeggutor, F|item
|poke|p2|Gardevoir, M|item
|poke|p2|Garbodor, F|item
|poke|p2|Gurdurr, F|item
|poke|p2|Skuntank, M|item
|poke|p2|Regirock|item
|poke|p2|Rotom-Frost|item
|teampreview
|inactive|Battle timer is ON: inactive players will automatically lose when time's up. (requested by Hilda the Girl)
|
|t:|1641934063
|start
|switch|p1a: Exeggutor|Exeggutor, F|100/100
|switch|p2a: Regirock|Regirock|100/100
|turn|1
|
|t:|1641934069
|switch|p2a: Skuntank|Skuntank, M|100/100
|move|p1a: Exeggutor|Stun Spore|p2a: Skuntank|[miss]
|-miss|p1a: Exeggutor|p2a: Skuntank
|
|upkeep
|turn|2
|
|t:|1641934075
|switch|p1a: Gurdurr|Gurdurr, F|100/100
|move|p2a: Skuntank|Crunch|p1a: Gurdurr
|-resisted|p1a: Gurdurr
|-damage|p1a: Gurdurr|90/100
|-unboost|p1a: Gurdurr|def|1
|
|upkeep
|turn|3
|
|t:|1641934083
|switch|p2a: Gardevoir|Gardevoir, M|100/100
|-ability|p2a: Gardevoir|Sheer Force|[from] ability: Trace|[of] p1a: Gurdurr
|move|p1a: Gurdurr|Bulk Up|p1a: Gurdurr
|-boost|p1a: Gurdurr|atk|1
|-boost|p1a: Gurdurr|def|1
|
|upkeep
|turn|4
|
|t:|1641934095
|switch|p1a: Skuntank|Skuntank, M|100/100
|move|p2a: Gardevoir|Substitute|p2a: Gardevoir
|-start|p2a: Gardevoir|Substitute
|-damage|p2a: Gardevoir|76/100
|
|upkeep
|turn|5
|
|t:|1641934101
|move|p1a: Skuntank|Crunch|p2a: Gardevoir
|-supereffective|p2a: Gardevoir
|-end|p2a: Gardevoir|Substitute
|move|p2a: Gardevoir|Thunderbolt|p1a: Skuntank
|-damage|p1a: Skuntank|18/100
|
|-heal|p1a: Skuntank|24/100|[from] item: Black Sludge
|upkeep
|turn|6
|
|t:|1641934109
|switch|p2a: Regirock|Regirock|100/100
|move|p1a: Skuntank|Crunch|p2a: Regirock
|-damage|p2a: Regirock|83/100
|
|-heal|p1a: Skuntank|30/100|[from] item: Black Sludge
|upkeep
|turn|7
|
|t:|1641934123
|switch|p1a: Exeggutor|Exeggutor, F|100/100
|move|p2a: Regirock|Stealth Rock|p1a: Exeggutor
|-sidestart|p1: Cthulhucanuck|move: Stealth Rock
|
|upkeep
|turn|8
|
|t:|1641934129
|switch|p2a: Skuntank|Skuntank, M|100/100
|move|p1a: Exeggutor|Stun Spore|p2a: Skuntank
|-status|p2a: Skuntank|par
|-enditem|p2a: Skuntank|Lum Berry|[eat]
|-curestatus|p2a: Skuntank|par|[msg]
|
|upkeep
|turn|9
|
|t:|1641934140
|switch|p1a: Drifblim|Drifblim, F|100/100
|-damage|p1a: Drifblim|76/100|[from] Stealth Rock
|move|p2a: Skuntank|Taunt|p1a: Drifblim
|-start|p1a: Drifblim|move: Taunt
|
|upkeep
|turn|10
|
|t:|1641934153
|move|p2a: Skuntank|Crunch|p1a: Drifblim
|-supereffective|p1a: Drifblim
|-damage|p1a: Drifblim|0 fnt
|faint|p1a: Drifblim
|
|upkeep
|
|t:|1641934157
|switch|p1a: Gurdurr|Gurdurr, F|90/100
|-damage|p1a: Gurdurr|84/100|[from] Stealth Rock
|turn|11
|
|t:|1641934161
|switch|p2a: Gardevoir|Gardevoir, M|76/100
|-ability|p2a: Gardevoir|Sheer Force|[from] ability: Trace|[of] p1a: Gurdurr
|move|p1a: Gurdurr|Bulk Up|p1a: Gurdurr
|-boost|p1a: Gurdurr|atk|1
|-boost|p1a: Gurdurr|def|1
|
|upkeep
|turn|12
|
|t:|1641934169
|move|p2a: Gardevoir|Substitute|p2a: Gardevoir
|-start|p2a: Gardevoir|Substitute
|-damage|p2a: Gardevoir|51/100
|move|p1a: Gurdurr|Poison Jab|p2a: Gardevoir
|-crit|p2a: Gardevoir
|-end|p2a: Gardevoir|Substitute
|
|upkeep
|turn|13
|
|t:|1641934175
|move|p2a: Gardevoir|Psychic|p1a: Gurdurr
|-supereffective|p1a: Gurdurr
|-damage|p1a: Gurdurr|0 fnt
|faint|p1a: Gurdurr
|
|upkeep
|
|t:|1641934180
|switch|p1a: Skuntank|Skuntank, M|30/100
|-damage|p1a: Skuntank|18/100|[from] Stealth Rock
|turn|14
|-message|Cthulhucanuck forfeited.
|
|win|Hilda the Girl
|raw|Cthulhucanuck's rating: 1071 &rarr; <strong>1046</strong><br />(-25 for losing)
|raw|Hilda the Girl's rating: 1000 &rarr; <strong>1048</strong><br />(+48 for winning)
|l|☆Cthulhucanuck
