|j|☆VarickHD
|j|☆Rektrainer
|t:|1622085450
|gametype|singles
|player|p1|VarickHD|benga|
|player|p2|Rektrainer|1|
|teamsize|p1|6
|teamsize|p2|6
|gen|5
|tier|[Gen 5] LC
|rule|Species Clause: Limit one of each Pokémon
|rule|OHKO Clause: OHKO moves are banned
|rule|Moody Clause: Moody is banned
|rule|Evasion Moves Clause: Evasion moves are banned
|rule|Endless Battle Clause: Forcing endless battles is banned
|rule|HP Percentage Mod: HP is shown in percentages
|rule|Sleep Clause: Sleep-inducing moves are banned
|clearpoke
|poke|p1|Mienfoo, L5, M|item
|poke|p1|Vullaby, L5, F|item
|poke|p1|Chinchou, L5, F|item
|poke|p1|Clamperl, L5, F|item
|poke|p1|Houndour, L5, M|item
|poke|p1|Zorua, L5, F|item
|poke|p2|Abra, L5, M|item
|poke|p2|Bronzor, L5|item
|poke|p2|Archen, L5, M|item
|poke|p2|Barboach, L5, M|item
|poke|p2|Axew, L5, F|item
|poke|p2|Bulbasaur, L5, M|item
|teampreview
|j| Kyurem-darkblue
|
|t:|1622085505
|start
|switch|p1a: Mienfoo|Mienfoo, L5, M|100/100
|switch|p2a: Bronzor|Bronzor, L5|100/100
|turn|1
|
|t:|1622085513
|move|p1a: Mienfoo|Fake Out|p2a: Bronzor
|-resisted|p2a: Bronzor
|-damage|p2a: Bronzor|96/100
|cant|p2a: Bronzor|flinch
|
|upkeep
|turn|2
|
|t:|1622085520
|move|p1a: Mienfoo|U-turn|p2a: Bronzor
|-damage|p2a: Bronzor|73/100
|
|t:|1622085524
|switch|p1a: Houndour|Houndour, L5, M|100/100|[from]move: U-turn
|-ability|p1a: Houndour|Unnerve
|move|p2a: Bronzor|Reflect|p2a: Bronzor
|-sidestart|p2: Rektrainer|Reflect
|
|upkeep
|turn|3
|
|t:|1622085562
|move|p1a: Houndour|Taunt|p2a: Bronzor
|-start|p2a: Bronzor|move: Taunt
|move|p2a: Bronzor|Earthquake|p1a: Houndour
|-supereffective|p1a: Houndour
|-damage|p1a: Houndour|15/100
|
|upkeep
|turn|4
|
|t:|1622085575
|switch|p2a: Barboach|Barboach, L5, M|100/100
|move|p1a: Houndour|Dark Pulse|p2a: Barboach
|-damage|p2a: Barboach|31/100
|
|-heal|p2a: Barboach|35/100|[from] item: Leftovers
|upkeep
|turn|5
|
|t:|1622085590
|move|p1a: Houndour|Dark Pulse|p2a: Barboach
|-damage|p2a: Barboach|0 fnt
|faint|p2a: Barboach
|
|upkeep
|
|t:|1622085593
|switch|p2a: Archen|Archen, L5, M|100/100
|turn|6
|
|t:|1622085613
|switch|p1a: Vullaby|Vullaby, L5, F|100/100
|move|p2a: Archen|Stone Edge|p1a: Vullaby|[miss]
|-miss|p2a: Archen|p1a: Vullaby
|
|-sideend|p2: Rektrainer|Reflect
|upkeep
|turn|7
|
|t:|1622085622
|move|p2a: Archen|Stone Edge|p1a: Vullaby
|-supereffective|p1a: Vullaby
|-crit|p1a: Vullaby
|-damage|p1a: Vullaby|0 fnt
|faint|p1a: Vullaby
|
|upkeep
|
|t:|1622085631
|switch|p1a: Chinchou|Chinchou, L5, F|100/100
|turn|8
|
|t:|1622085650
|switch|p2a: Bulbasaur|Bulbasaur, L5, M|100/100
|move|p1a: Chinchou|Volt Switch|p2a: Bulbasaur
|-resisted|p2a: Bulbasaur
|-damage|p2a: Bulbasaur|86/100
|
|t:|1622085661
|switch|p1a: Houndour|Houndour, L5, M|15/100|[from]move: Volt Switch
|-ability|p1a: Houndour|Unnerve
|
|-heal|p2a: Bulbasaur|91/100|[from] item: Leftovers
|upkeep
|turn|9
|
|t:|1622085671
|move|p2a: Bulbasaur|Protect|p2a: Bulbasaur
|-singleturn|p2a: Bulbasaur|Protect
|move|p1a: Houndour|Flamethrower|p2a: Bulbasaur
|-activate|p2a: Bulbasaur|move: Protect
|
|-heal|p2a: Bulbasaur|96/100|[from] item: Leftovers
|upkeep
|turn|10
|
|t:|1622085682
|move|p1a: Houndour|Dark Pulse|p2a: Bulbasaur
|-damage|p2a: Bulbasaur|48/100
|move|p2a: Bulbasaur|Leech Seed|p1a: Houndour
|-start|p1a: Houndour|move: Leech Seed
|
|-heal|p2a: Bulbasaur|53/100|[from] item: Leftovers
|-damage|p1a: Houndour|5/100|[from] Leech Seed|[of] p2a: Bulbasaur
|-heal|p2a: Bulbasaur|62/100|[silent]
|upkeep
|turn|11
|
|t:|1622085696
|switch|p1a: Mienfoo|Mienfoo, L5, M|100/100
|move|p2a: Bulbasaur|Protect||[still]
|-fail|p2a: Bulbasaur
|
|-heal|p2a: Bulbasaur|67/100|[from] item: Leftovers
|upkeep
|turn|12
|
|t:|1622085706
|move|p2a: Bulbasaur|Protect|p2a: Bulbasaur
|-singleturn|p2a: Bulbasaur|Protect
|move|p1a: Mienfoo|Fake Out|p2a: Bulbasaur
|-activate|p2a: Bulbasaur|move: Protect
|
|-heal|p2a: Bulbasaur|72/100|[from] item: Leftovers
|upkeep
|turn|13
|
|t:|1622085716
|move|p1a: Mienfoo|Acrobatics|p2a: Bulbasaur
|-enditem|p1a: Mienfoo|Flying Gem|[from] gem
|-supereffective|p2a: Bulbasaur
|-damage|p2a: Bulbasaur|0 fnt
|faint|p2a: Bulbasaur
|
|upkeep
|
|t:|1622085724
|switch|p2a: Abra|Abra, L5, M|100/100
|turn|14
|
|t:|1622085735
|move|p2a: Abra|Psychic|p1a: Mienfoo
|-supereffective|p1a: Mienfoo
|-damage|p1a: Mienfoo|0 fnt
|faint|p1a: Mienfoo
|
|upkeep
|
|t:|1622085750
|switch|p1a: Houndour|Houndour, L5, M|5/100
|-ability|p1a: Houndour|Unnerve
|turn|15
|
|t:|1622085756
|move|p1a: Houndour|Sucker Punch|p2a: Abra
|-supereffective|p2a: Abra
|-damage|p2a: Abra|0 fnt
|faint|p2a: Abra
|
|upkeep
|
|t:|1622085760
|switch|p2a: Archen|Archen, L5, M|100/100
|turn|16
|
|t:|1622085767
|move|p2a: Archen|Earthquake|p1a: Houndour
|-supereffective|p1a: Houndour
|-damage|p1a: Houndour|0 fnt
|faint|p1a: Houndour
|
|upkeep
|
|t:|1622085774
|switch|p1a: Clamperl|Clamperl, L5, F|100/100
|turn|17
|
|t:|1622085784
|move|p2a: Archen|Earthquake|p1a: Clamperl
|-damage|p1a: Clamperl|48/100
|move|p1a: Clamperl|Shell Smash|p1a: Clamperl
|-unboost|p1a: Clamperl|def|1
|-unboost|p1a: Clamperl|spd|1
|-boost|p1a: Clamperl|atk|2
|-boost|p1a: Clamperl|spa|2
|-boost|p1a: Clamperl|spe|2
|
|upkeep
|turn|18
|
|t:|1622085796
|move|p1a: Clamperl|Surf|p2a: Archen
|-supereffective|p2a: Archen
|-damage|p2a: Archen|0 fnt
|faint|p2a: Archen
|
|upkeep
|
|t:|1622085799
|switch|p2a: Axew|Axew, L5, F|100/100
|-ability|p2a: Axew|Mold Breaker
|turn|19
|
|t:|1622085806
|move|p1a: Clamperl|Ice Beam|p2a: Axew
|-supereffective|p2a: Axew
|-enditem|p2a: Axew|Focus Sash
|-damage|p2a: Axew|5/100
|move|p2a: Axew|Dragon Claw|p1a: Clamperl
|-damage|p1a: Clamperl|0 fnt
|faint|p1a: Clamperl
|
|upkeep
|l| Kyurem-darkblue
|
|t:|1622085821
|switch|p1a: Chinchou|Chinchou, L5, F|100/100
|turn|20
|
|t:|1622085827
|move|p1a: Chinchou|Sucker Punch|p2a: Axew
|-damage|p2a: Axew|0 fnt
|faint|p2a: Axew
|
|upkeep
|
|t:|1622085829
|switch|p2a: Bronzor|Bronzor, L5|73/100
|turn|21
|
|t:|1622085840
|move|p1a: Chinchou|Nasty Plot|p1a: Chinchou
|-boost|p1a: Chinchou|spa|2
|move|p2a: Bronzor|Reflect|p2a: Bronzor
|-sidestart|p2: Rektrainer|Reflect
|
|upkeep
|turn|22
|
|t:|1622085847
|move|p1a: Chinchou|Night Daze|p2a: Bronzor
|-damage|p2a: Bronzor|19/100
|move|p2a: Bronzor|Light Screen|p2a: Bronzor
|-sidestart|p2: Rektrainer|move: Light Screen
|
|upkeep
|turn|23
|
|t:|1622085861
|move|p1a: Chinchou|Night Daze|p2a: Bronzor
|-damage|p2a: Bronzor|0 fnt
|faint|p2a: Bronzor
|
|win|VarickHD
|c|☆Rektrainer|gg buena
|l|☆Rektrainer
