|j|☆rexxonmobile
|j|☆tdog124
|t:|1643853413
|gametype|singles
|player|p1|rexxonmobile|2|1097
|player|p2|tdog124|swimmer-gen4dp|1286
|teamsize|p1|6
|teamsize|p2|6
|gen|5
|tier|[Gen 5] OU
|rated|
|rule|Species Clause: Limit one of each Pokémon
|rule|OHKO Clause: OHKO moves are banned
|rule|Moody Clause: Moody is banned
|rule|Evasion Moves Clause: Evasion moves are banned
|rule|Endless Battle Clause: Forcing endless battles is banned
|rule|HP Percentage Mod: HP is shown in percentages
|rule|Evasion Abilities Clause: Evasion abilities are banned
|rule|Sleep Clause: Sleep-inducing moves are banned
|rule|Swagger Clause: Swagger is banned
|clearpoke
|poke|p1|Politoed, F|item
|poke|p1|Tentacruel, M|item
|poke|p1|Jirachi|item
|poke|p1|Thundurus-Therian, M|item
|poke|p1|Breloom, F|item
|poke|p1|Latios, M|item
|poke|p2|Politoed, M|item
|poke|p2|Ferrothorn, M|item
|poke|p2|Tentacruel, F|item
|poke|p2|Tornadus, M|item
|poke|p2|Mamoswine, F|item
|poke|p2|Latios, M|item
|teampreview
|
|t:|1643853417
|start
|switch|p1a: Breloom|Breloom, F|100/100
|switch|p2a: Mamoswine|Mamoswine, F|100/100
|turn|1
|
|t:|1643853431
|switch|p1a: Jirachi|Jirachi|100/100
|move|p2a: Mamoswine|Substitute|p2a: Mamoswine
|-start|p2a: Mamoswine|Substitute
|-damage|p2a: Mamoswine|76/100
|
|upkeep
|turn|2
|
|t:|1643853437
|move|p1a: Jirachi|Stealth Rock|p2a: Mamoswine
|-sidestart|p2: tdog124|move: Stealth Rock
|move|p2a: Mamoswine|Earthquake|p1a: Jirachi
|-supereffective|p1a: Jirachi
|-damage|p1a: Jirachi|8/100
|
|-heal|p1a: Jirachi|14/100|[from] item: Leftovers
|upkeep
|turn|3
|
|t:|1643853443
|move|p2a: Mamoswine|Ice Shard|p1a: Jirachi
|-resisted|p1a: Jirachi
|-damage|p1a: Jirachi|2/100
|move|p1a: Jirachi|Iron Head|p2a: Mamoswine
|-supereffective|p2a: Mamoswine
|-end|p2a: Mamoswine|Substitute
|
|-heal|p1a: Jirachi|8/100|[from] item: Leftovers
|upkeep
|turn|4
|
|t:|1643853449
|switch|p1a: Tentacruel|Tentacruel, M|100/100
|move|p2a: Mamoswine|Ice Shard|p1a: Tentacruel
|-resisted|p1a: Tentacruel
|-crit|p1a: Tentacruel
|-damage|p1a: Tentacruel|66/100
|
|-heal|p1a: Tentacruel|72/100|[from] item: Black Sludge
|upkeep
|turn|5
|
|t:|1643853458
|switch|p2a: Tentacruel|Tentacruel, F|100/100
|-damage|p2a: Tentacruel|88/100|[from] Stealth Rock
|move|p1a: Tentacruel|Scald|p2a: Tentacruel
|-resisted|p2a: Tentacruel
|-damage|p2a: Tentacruel|78/100
|
|-heal|p1a: Tentacruel|78/100|[from] item: Black Sludge
|-heal|p2a: Tentacruel|84/100|[from] item: Black Sludge
|upkeep
|turn|6
|
|t:|1643853471
|switch|p1a: Breloom|Breloom, F|100/100
|move|p2a: Tentacruel|Toxic Spikes|p1a: Breloom
|-sidestart|p1: rexxonmobile|move: Toxic Spikes
|
|-heal|p2a: Tentacruel|90/100|[from] item: Black Sludge
|-status|p1a: Breloom|tox|[from] item: Toxic Orb
|upkeep
|turn|7
|
|t:|1643853480
|switch|p2a: Latios|Latios, M|100/100
|-damage|p2a: Latios|88/100|[from] Stealth Rock
|move|p1a: Breloom|Substitute|p1a: Breloom
|-start|p1a: Breloom|Substitute
|-damage|p1a: Breloom|76/100 tox
|
|-heal|p1a: Breloom|88/100 tox|[from] ability: Poison Heal
|upkeep
|turn|8
|
|t:|1643853491
|-singleturn|p1a: Breloom|move: Focus Punch
|move|p2a: Latios|Dragon Pulse|p1a: Breloom
|-end|p1a: Breloom|Substitute
|move|p1a: Breloom|Focus Punch|p2a: Latios
|-resisted|p2a: Latios
|-damage|p2a: Latios|35/100
|
|-heal|p1a: Breloom|100/100 tox|[from] ability: Poison Heal
|upkeep
|turn|9
|
|t:|1643853509
|switch|p2a: Tentacruel|Tentacruel, F|90/100
|-damage|p2a: Tentacruel|78/100|[from] Stealth Rock
|move|p1a: Breloom|Substitute|p1a: Breloom
|-start|p1a: Breloom|Substitute
|-damage|p1a: Breloom|76/100 tox
|
|-heal|p2a: Tentacruel|84/100|[from] item: Black Sludge
|-heal|p1a: Breloom|88/100 tox|[from] ability: Poison Heal
|upkeep
|turn|10
|-message|tdog124 forfeited.
|
|win|rexxonmobile
|raw|rexxonmobile's rating: 1097 &rarr; <strong>1135</strong><br />(+38 for winning)
|raw|tdog124's rating: 1286 &rarr; <strong>1249</strong><br />(-37 for losing)
|l|☆tdog124
