|j|☆blackkaiser
|j|☆faded love
|t:|1632439135
|gametype|singles
|player|p1|blackkaiser|nate|
|player|p2|faded love|psychicf|
|teamsize|p1|6
|teamsize|p2|6
|gen|5
|tier|[Gen 5] UU
|rated|Tournament battle
|rule|Species Clause: Limit one of each Pokémon
|rule|OHKO Clause: OHKO moves are banned
|rule|Moody Clause: Moody is banned
|rule|Evasion Moves Clause: Evasion moves are banned
|rule|Endless Battle Clause: Forcing endless battles is banned
|rule|HP Percentage Mod: HP is shown in percentages
|rule|Evasion Abilities Clause: Evasion abilities are banned
|rule|Baton Pass Clause: Limit one Baton Passer, can't pass Spe and other stats simultaneously
|rule|Swagger Clause: Swagger is banned
|rule|Sleep Clause Mod: Limit one foe put to sleep
|clearpoke
|poke|p1|Roserade, F|item
|poke|p1|Druddigon, M|item
|poke|p1|Mismagius, M|item
|poke|p1|Mew|item
|poke|p1|Sharpedo, M|item
|poke|p1|Hitmontop, M|item
|poke|p2|Cofagrigus, M|item
|poke|p2|Flygon, F|item
|poke|p2|Mew|item
|poke|p2|Rotom-Heat|item
|poke|p2|Hitmontop, M|item
|poke|p2|Ferroseed, M|item
|teampreview
|inactive|Battle timer is ON: inactive players will automatically lose when time's up. (requested by blackkaiser)
|
|t:|1632439143
|start
|switch|p1a: Druddigon|Druddigon, M, shiny|100/100
|switch|p2a: THANK U NEXT|Flygon, F|100/100
|-ability|p1a: Druddigon|Mold Breaker
|turn|1
|
|t:|1632439148
|move|p2a: THANK U NEXT|U-turn|p1a: Druddigon
|-damage|p1a: Druddigon|63/100
|
|t:|1632439151
|switch|p2a: BLOODLINE|Hitmontop, M|100/100|[from]move: U-turn
|-ability|p2a: BLOODLINE|Intimidate|boost
|-unboost|p1a: Druddigon|atk|1
|move|p1a: Druddigon|Stealth Rock|p2a: BLOODLINE
|-sidestart|p2: faded love|move: Stealth Rock
|
|upkeep
|turn|2
|
|t:|1632439156
|move|p1a: Druddigon|Taunt|p2a: BLOODLINE
|-start|p2a: BLOODLINE|move: Taunt
|cant|p2a: BLOODLINE|move: Taunt|Toxic
|
|upkeep
|turn|3
|
|t:|1632439165
|switch|p1a: Mismagius|Mismagius, M|100/100
|switch|p2a: IMAGINE|Mew|100/100
|-damage|p2a: IMAGINE|88/100|[from] Stealth Rock
|
|-heal|p2a: IMAGINE|94/100|[from] item: Leftovers
|upkeep
|turn|4
|
|t:|1632439178
|switch|p2a: BAD IDEA|Ferroseed, M|100/100
|-damage|p2a: BAD IDEA|94/100|[from] Stealth Rock
|move|p1a: Mismagius|Taunt|p2a: BAD IDEA
|-start|p2a: BAD IDEA|move: Taunt
|
|upkeep
|turn|5
|
|t:|1632439181
|move|p1a: Mismagius|Will-O-Wisp|p2a: BAD IDEA
|-status|p2a: BAD IDEA|brn
|move|p2a: BAD IDEA|Gyro Ball|p1a: Mismagius
|-damage|p1a: Mismagius|77/100
|
|-heal|p1a: Mismagius|84/100|[from] item: Leftovers
|-damage|p2a: BAD IDEA|82/100 brn|[from] brn
|upkeep
|turn|6
|
|t:|1632439192
|switch|p2a: NASA|Rotom-Heat|100/100
|-damage|p2a: NASA|76/100|[from] Stealth Rock
|move|p1a: Mismagius|Calm Mind|p1a: Mismagius
|-boost|p1a: Mismagius|spa|1
|-boost|p1a: Mismagius|spd|1
|
|-heal|p1a: Mismagius|90/100|[from] item: Leftovers
|upkeep
|turn|7
|
|t:|1632439195
|move|p2a: NASA|Trick|p1a: Mismagius
|-activate|p2a: NASA|move: Trick|[of] p1a: Mismagius
|-item|p1a: Mismagius|Choice Scarf|[from] move: Trick
|-item|p2a: NASA|Leftovers|[from] move: Trick
|move|p1a: Mismagius|Shadow Ball|p2a: NASA
|-damage|p2a: NASA|21/100
|
|-heal|p2a: NASA|27/100|[from] item: Leftovers
|upkeep
|turn|8
|
|t:|1632439198
|move|p1a: Mismagius|Shadow Ball|p2a: NASA
|-damage|p2a: NASA|0 fnt
|faint|p2a: NASA
|
|upkeep
|
|t:|1632439200
|switch|p2a: BAD IDEA|Ferroseed, M|82/100 brn
|-damage|p2a: BAD IDEA|76/100 brn|[from] Stealth Rock
|turn|9
|
|t:|1632439205
|switch|p1a: Roserade|Roserade, F|100/100
|move|p2a: BAD IDEA|Leech Seed|p1a: Roserade
|-immune|p1a: Roserade
|
|-damage|p2a: BAD IDEA|64/100 brn|[from] brn
|upkeep
|turn|10
|
|t:|1632439207
|move|p1a: Roserade|Spikes|p2a: BAD IDEA
|-sidestart|p2: faded love|Spikes
|move|p2a: BAD IDEA|Spikes|p1a: Roserade
|-sidestart|p1: blackkaiser|Spikes
|
|-damage|p2a: BAD IDEA|51/100 brn|[from] brn
|upkeep
|turn|11
|
|t:|1632439213
|move|p1a: Roserade|Spikes|p2a: BAD IDEA
|-sidestart|p2: faded love|Spikes
|move|p2a: BAD IDEA|Spikes|p1a: Roserade
|-sidestart|p1: blackkaiser|Spikes
|
|-damage|p2a: BAD IDEA|39/100 brn|[from] brn
|upkeep
|turn|12
|
|t:|1632439218
|move|p1a: Roserade|Toxic Spikes|p2a: BAD IDEA
|-sidestart|p2: faded love|move: Toxic Spikes
|move|p2a: BAD IDEA|Spikes|p1a: Roserade
|-sidestart|p1: blackkaiser|Spikes
|
|-damage|p2a: BAD IDEA|27/100 brn|[from] brn
|upkeep
|turn|13
|
|t:|1632439220
|move|p1a: Roserade|Stun Spore|p2a: BAD IDEA|[miss]
|-miss|p1a: Roserade|p2a: BAD IDEA
|move|p2a: BAD IDEA|Gyro Ball|p1a: Roserade
|-damage|p1a: Roserade|75/100
|
|-heal|p1a: Roserade|82/100|[from] item: Black Sludge
|-damage|p2a: BAD IDEA|14/100 brn|[from] brn
|upkeep
|turn|14
|
|t:|1632439222
|move|p1a: Roserade|Spikes|p2a: BAD IDEA
|-sidestart|p2: faded love|Spikes
|move|p2a: BAD IDEA|Gyro Ball|p1a: Roserade
|-damage|p1a: Roserade|58/100
|
|-heal|p1a: Roserade|64/100|[from] item: Black Sludge
|-damage|p2a: BAD IDEA|2/100 brn|[from] brn
|upkeep
|turn|15
|
|t:|1632439224
|move|p1a: Roserade|Giga Drain|p2a: BAD IDEA
|-resisted|p2a: BAD IDEA
|-damage|p2a: BAD IDEA|0 fnt
|-heal|p1a: Roserade|65/100|[from] drain|[of] p2a: BAD IDEA
|faint|p2a: BAD IDEA
|
|-heal|p1a: Roserade|71/100|[from] item: Black Sludge
|upkeep
|
|t:|1632439225
|switch|p2a: THANK U NEXT|Flygon, F|100/100
|-damage|p2a: THANK U NEXT|95/100|[from] Stealth Rock
|turn|16
|
|t:|1632439229
|move|p2a: THANK U NEXT|Outrage|p1a: Roserade
|-damage|p1a: Roserade|0 fnt
|faint|p1a: Roserade
|
|upkeep
|
|t:|1632439233
|switch|p1a: Hitmontop|Hitmontop, M|100/100
|-damage|p1a: Hitmontop|76/100|[from] Spikes
|-ability|p1a: Hitmontop|Intimidate|boost
|-unboost|p2a: THANK U NEXT|atk|1
|turn|17
|
|t:|1632439235
|move|p2a: THANK U NEXT|Outrage|p1a: Hitmontop|[from]lockedmove
|-damage|p1a: Hitmontop|17/100
|-start|p2a: THANK U NEXT|confusion|[fatigue]
|move|p1a: Hitmontop|Rapid Spin|p2a: THANK U NEXT
|-damage|p2a: THANK U NEXT|88/100
|-sideend|p1: blackkaiser|Spikes|[from] move: Rapid Spin|[of] p1a: Hitmontop
|
|-heal|p1a: Hitmontop|23/100|[from] item: Leftovers
|upkeep
|turn|18
|j| uraveragehuman
|
|t:|1632439242
|-activate|p2a: THANK U NEXT|confusion
|move|p2a: THANK U NEXT|Outrage|p1a: Hitmontop
|-damage|p1a: Hitmontop|0 fnt
|faint|p1a: Hitmontop
|
|upkeep
|
|t:|1632439245
|switch|p1a: Sharpedo|Sharpedo, M|100/100
|turn|19
|
|t:|1632439248
|move|p1a: Sharpedo|Protect|p1a: Sharpedo
|-singleturn|p1a: Sharpedo|Protect
|-end|p2a: THANK U NEXT|confusion
|move|p2a: THANK U NEXT|Outrage|p1a: Sharpedo|[from]lockedmove
|-activate|p1a: Sharpedo|move: Protect
|
|-ability|p1a: Sharpedo|Speed Boost|boost
|-boost|p1a: Sharpedo|spe|1
|upkeep
|turn|20
|
|t:|1632439251
|switch|p2a: BLOODLINE|Hitmontop, M|100/100
|-damage|p2a: BLOODLINE|94/100|[from] Stealth Rock
|-damage|p2a: BLOODLINE|69/100|[from] Spikes
|-status|p2a: BLOODLINE|psn
|-ability|p2a: BLOODLINE|Intimidate|boost
|-unboost|p1a: Sharpedo|atk|1
|move|p1a: Sharpedo|Waterfall|p2a: BLOODLINE
|-damage|p2a: BLOODLINE|36/100 psn
|-damage|p1a: Sharpedo|91/100|[from] item: Life Orb
|
|-heal|p2a: BLOODLINE|42/100 psn|[from] item: Leftovers
|-damage|p2a: BLOODLINE|30/100 psn|[from] psn
|-ability|p1a: Sharpedo|Speed Boost|boost
|-boost|p1a: Sharpedo|spe|1
|upkeep
|turn|21
|
|t:|1632439255
|move|p1a: Sharpedo|Protect|p1a: Sharpedo
|-singleturn|p1a: Sharpedo|Protect
|move|p2a: BLOODLINE|Sucker Punch||[still]
|-fail|p2a: BLOODLINE
|
|-heal|p2a: BLOODLINE|36/100 psn|[from] item: Leftovers
|-damage|p2a: BLOODLINE|24/100 psn|[from] psn
|-ability|p1a: Sharpedo|Speed Boost|boost
|-boost|p1a: Sharpedo|spe|1
|upkeep
|turn|22
|
|t:|1632439260
|move|p1a: Sharpedo|Waterfall|p2a: BLOODLINE
|-damage|p2a: BLOODLINE|0 fnt
|faint|p2a: BLOODLINE
|-damage|p1a: Sharpedo|81/100|[from] item: Life Orb
|
|-ability|p1a: Sharpedo|Speed Boost|boost
|-boost|p1a: Sharpedo|spe|1
|upkeep
|
|t:|1632439263
|switch|p2a: THANK U NEXT|Flygon, F|88/100
|-damage|p2a: THANK U NEXT|82/100|[from] Stealth Rock
|turn|23
|
|t:|1632439267
|switch|p1a: Druddigon|Druddigon, M, shiny|63/100
|-ability|p1a: Druddigon|Mold Breaker
|move|p2a: THANK U NEXT|U-turn|p1a: Druddigon
|-damage|p1a: Druddigon|27/100
|
|t:|1632439270
|switch|p2a: IMAGINE|Mew|94/100|[from]move: U-turn
|-status|p2a: IMAGINE|psn
|-damage|p2a: IMAGINE|69/100 psn|[from] Spikes
|-damage|p2a: IMAGINE|57/100 psn|[from] Stealth Rock
|
|-heal|p2a: IMAGINE|63/100 psn|[from] item: Leftovers
|-damage|p2a: IMAGINE|51/100 psn|[from] psn
|upkeep
|turn|24
|
|t:|1632439273
|move|p2a: IMAGINE|Stealth Rock|p1a: Druddigon
|-sidestart|p1: blackkaiser|move: Stealth Rock
|move|p1a: Druddigon|Dragon Claw|p2a: IMAGINE
|-damage|p2a: IMAGINE|14/100 psn
|
|-heal|p2a: IMAGINE|21/100 psn|[from] item: Leftovers
|-damage|p2a: IMAGINE|8/100 psn|[from] psn
|upkeep
|turn|25
|
|t:|1632439277
|move|p2a: IMAGINE|Psyshock|p1a: Druddigon
|-damage|p1a: Druddigon|0 fnt
|faint|p1a: Druddigon
|
|-heal|p2a: IMAGINE|14/100 psn|[from] item: Leftovers
|-damage|p2a: IMAGINE|2/100 psn|[from] psn
|upkeep
|
|t:|1632439280
|switch|p1a: Sharpedo|Sharpedo, M|81/100
|-damage|p1a: Sharpedo|68/100|[from] Stealth Rock
|turn|26
|
|t:|1632439282
|move|p1a: Sharpedo|Protect|p1a: Sharpedo
|-singleturn|p1a: Sharpedo|Protect
|move|p2a: IMAGINE|Will-O-Wisp|p1a: Sharpedo
|-activate|p1a: Sharpedo|move: Protect
|
|-heal|p2a: IMAGINE|8/100 psn|[from] item: Leftovers
|-damage|p2a: IMAGINE|0 fnt|[from] psn
|faint|p2a: IMAGINE
|-ability|p1a: Sharpedo|Speed Boost|boost
|-boost|p1a: Sharpedo|spe|1
|upkeep
|
|t:|1632439285
|switch|p2a: GHOSTIN|Cofagrigus, M|100/100
|-status|p2a: GHOSTIN|psn
|-damage|p2a: GHOSTIN|88/100 psn|[from] Stealth Rock
|-damage|p2a: GHOSTIN|64/100 psn|[from] Spikes
|turn|27
|
|t:|1632439287
|move|p1a: Sharpedo|Crunch|p2a: GHOSTIN
|-supereffective|p2a: GHOSTIN
|-damage|p2a: GHOSTIN|0 fnt
|-activate|p2a: GHOSTIN|ability: Mummy|Speed Boost|[of] p1a: Sharpedo
|faint|p2a: GHOSTIN
|-damage|p1a: Sharpedo|58/100|[from] item: Life Orb
|
|upkeep
|
|t:|1632439288
|switch|p2a: THANK U NEXT|Flygon, F|82/100
|-damage|p2a: THANK U NEXT|76/100|[from] Stealth Rock
|turn|28
|
|t:|1632439291
|move|p1a: Sharpedo|Protect|p1a: Sharpedo
|-singleturn|p1a: Sharpedo|Protect
|move|p2a: THANK U NEXT|Outrage|p1a: Sharpedo
|-activate|p1a: Sharpedo|move: Protect
|
|upkeep
|turn|29
|
|t:|1632439292
|move|p1a: Sharpedo|Waterfall|p2a: THANK U NEXT
|-damage|p2a: THANK U NEXT|5/100
|-damage|p1a: Sharpedo|48/100|[from] item: Life Orb
|move|p2a: THANK U NEXT|Outrage|p1a: Sharpedo
|-damage|p1a: Sharpedo|0 fnt
|-activate|p1a: Sharpedo|ability: Mummy|Levitate|[of] p2a: THANK U NEXT
|faint|p1a: Sharpedo
|
|upkeep
|
|t:|1632439295
|switch|p1a: Mismagius|Mismagius, M|90/100
|-damage|p1a: Mismagius|77/100|[from] Stealth Rock
|turn|30
|
|t:|1632439296
|move|p1a: Mismagius|Shadow Ball|p2a: THANK U NEXT
|-damage|p2a: THANK U NEXT|0 fnt
|faint|p2a: THANK U NEXT
|
|win|blackkaiser
|n|☆blackkaiser|blackkaiser
|n|☆faded love|fadedlove
|n| uraveragehuman|uraveragehuman
|c|☆blackkaiser|gg
|l|☆faded love
