|j|☆Somalia
|j|☆AmyQuaris
|t:|1638567789
|gametype|singles
|player|p1|Somalia|#somalia|
|player|p2|AmyQuaris|lady|
|teamsize|p1|6
|teamsize|p2|6
|gen|5
|tier|[Gen 5] NU
|rated|Tournament battle
|rule|Species Clause: Limit one of each Pokémon
|rule|OHKO Clause: OHKO moves are banned
|rule|Moody Clause: Moody is banned
|rule|Evasion Moves Clause: Evasion moves are banned
|rule|Endless Battle Clause: Forcing endless battles is banned
|rule|HP Percentage Mod: HP is shown in percentages
|rule|Evasion Abilities Clause: Evasion abilities are banned
|rule|Swagger Clause: Swagger is banned
|rule|Baton Pass Clause: Limit one Baton Passer, can't pass Spe and other stats simultaneously
|rule|Sleep Clause Mod: Limit one foe put to sleep
|clearpoke
|poke|p1|Natu, M|item
|poke|p1|Alomomola, M|item
|poke|p1|Garbodor, M|item
|poke|p1|Piloswine, F|item
|poke|p1|Mandibuzz, F|item
|poke|p1|Kangaskhan, F|item
|poke|p2|Garbodor, F|item
|poke|p2|Kangaskhan, F|item
|poke|p2|Alomomola, F|item
|poke|p2|Skuntank, F|item
|poke|p2|Golurk|item
|poke|p2|Rotom-Frost|item
|teampreview
|j| BB-8-NU
|j| blackkaiser
|l| blackkaiser
|j| a014646094
|c|☆Somalia|hf
|
|t:|1638567828
|start
|switch|p1a: EARTH SHRINKING|Piloswine, F|100/100
|switch|p2a: Rotom|Rotom-Frost|100/100
|turn|1
|
|t:|1638567837
|move|p2a: Rotom|Will-O-Wisp|p1a: EARTH SHRINKING|[miss]
|-miss|p2a: Rotom|p1a: EARTH SHRINKING
|move|p1a: EARTH SHRINKING|Stealth Rock|p2a: Rotom
|-sidestart|p2: AmyQuaris|move: Stealth Rock
|
|upkeep
|turn|2
|c|☆AmyQuaris|u2
|j| We Fra’
|
|t:|1638567845
|switch|p1a: JELLYFISH CLUTCH|Alomomola, M, shiny|100/100
|move|p2a: Rotom|Substitute|p2a: Rotom
|-start|p2a: Rotom|Substitute
|-damage|p2a: Rotom|76/100
|
|-heal|p2a: Rotom|82/100|[from] item: Leftovers
|upkeep
|turn|3
|
|t:|1638567850
|move|p1a: JELLYFISH CLUTCH|Protect|p1a: JELLYFISH CLUTCH
|-singleturn|p1a: JELLYFISH CLUTCH|Protect
|move|p2a: Rotom|Thunderbolt|p1a: JELLYFISH CLUTCH
|-activate|p1a: JELLYFISH CLUTCH|move: Protect
|
|-heal|p2a: Rotom|88/100|[from] item: Leftovers
|upkeep
|turn|4
|
|t:|1638567862
|move|p2a: Rotom|Will-O-Wisp|p1a: JELLYFISH CLUTCH
|-status|p1a: JELLYFISH CLUTCH|brn
|move|p1a: JELLYFISH CLUTCH|Wish|p1a: JELLYFISH CLUTCH
|
|-heal|p2a: Rotom|94/100|[from] item: Leftovers
|-damage|p1a: JELLYFISH CLUTCH|88/100 brn|[from] brn
|upkeep
|turn|5
|
|t:|1638567870
|switch|p1a: IRON FINGERS|Kangaskhan, F|100/100
|move|p2a: Rotom|Thunderbolt|p1a: IRON FINGERS
|-damage|p1a: IRON FINGERS|68/100
|-status|p1a: IRON FINGERS|par
|
|-heal|p1a: IRON FINGERS|100/100 par|[from] move: Wish|[wisher] JELLYFISH CLUTCH
|-heal|p2a: Rotom|100/100|[from] item: Leftovers
|upkeep
|turn|6
|
|t:|1638567882
|move|p2a: Rotom|Thunderbolt|p1a: IRON FINGERS
|-damage|p1a: IRON FINGERS|68/100 par
|move|p1a: IRON FINGERS|Wish|p1a: IRON FINGERS
|
|-heal|p1a: IRON FINGERS|74/100 par|[from] item: Leftovers
|upkeep
|turn|7
|
|t:|1638567889
|move|p2a: Rotom|Thunderbolt|p1a: IRON FINGERS
|-damage|p1a: IRON FINGERS|46/100 par
|cant|p1a: IRON FINGERS|par
|
|-heal|p1a: IRON FINGERS|96/100 par|[from] move: Wish|[wisher] IRON FINGERS
|-heal|p1a: IRON FINGERS|100/100 par|[from] item: Leftovers
|upkeep
|turn|8
|
|t:|1638567894
|move|p2a: Rotom|Thunderbolt|p1a: IRON FINGERS
|-damage|p1a: IRON FINGERS|68/100 par
|move|p1a: IRON FINGERS|Wish|p1a: IRON FINGERS
|
|-heal|p1a: IRON FINGERS|74/100 par|[from] item: Leftovers
|upkeep
|turn|9
|
|t:|1638567901
|move|p2a: Rotom|Thunderbolt|p1a: IRON FINGERS
|-damage|p1a: IRON FINGERS|41/100 par
|move|p1a: IRON FINGERS|Double-Edge|p2a: Rotom
|-end|p2a: Rotom|Substitute
|-damage|p1a: IRON FINGERS|36/100 par|[from] Recoil|[of] p2a: Rotom
|
|-heal|p1a: IRON FINGERS|86/100 par|[from] move: Wish|[wisher] IRON FINGERS
|-heal|p1a: IRON FINGERS|92/100 par|[from] item: Leftovers
|upkeep
|turn|10
|
|t:|1638567913
|switch|p2a: Golurk|Golurk|100/100
|-damage|p2a: Golurk|94/100|[from] Stealth Rock
|move|p1a: IRON FINGERS|Wish|p1a: IRON FINGERS
|
|-heal|p2a: Golurk|100/100|[from] item: Leftovers
|-heal|p1a: IRON FINGERS|98/100 par|[from] item: Leftovers
|upkeep
|turn|11
|
|t:|1638567934
|switch|p1a: WEEPING WILLOW|Natu, M, shiny|100/100
|move|p2a: Golurk|Dynamic Punch|p1a: WEEPING WILLOW
|-resisted|p1a: WEEPING WILLOW
|-damage|p1a: WEEPING WILLOW|94/100
|-start|p1a: WEEPING WILLOW|confusion
|
|-heal|p1a: WEEPING WILLOW|100/100|[from] move: Wish|[wisher] IRON FINGERS
|upkeep
|turn|12
|
|t:|1638567946
|switch|p1a: DEMONS BANE|Mandibuzz, F|100/100
|switch|p2a: Skuntank|Skuntank, F|100/100
|-damage|p2a: Skuntank|88/100|[from] Stealth Rock
|
|upkeep
|turn|13
|
|t:|1638567957
|switch|p2a: Alomomola|Alomomola, F|100/100
|-damage|p2a: Alomomola|88/100|[from] Stealth Rock
|switch|p1a: ADAMANTINE KATA|Garbodor, M|100/100
|
|upkeep
|turn|14
|
|t:|1638567964
|move|p1a: ADAMANTINE KATA|Spikes|p2a: Alomomola
|-sidestart|p2: AmyQuaris|Spikes
|move|p2a: Alomomola|Knock Off|p1a: ADAMANTINE KATA
|-damage|p1a: ADAMANTINE KATA|97/100
|-damage|p2a: Alomomola|72/100|[from] item: Rocky Helmet|[of] p1a: ADAMANTINE KATA
|-enditem|p1a: ADAMANTINE KATA|Rocky Helmet|[from] move: Knock Off|[of] p2a: Alomomola
|
|upkeep
|turn|15
|
|t:|1638567972
|move|p1a: ADAMANTINE KATA|Spikes|p2a: Alomomola
|-sidestart|p2: AmyQuaris|Spikes
|move|p2a: Alomomola|Scald|p1a: ADAMANTINE KATA
|-damage|p1a: ADAMANTINE KATA|85/100
|
|upkeep
|turn|16
|
|t:|1638567981
|switch|p1a: JELLYFISH CLUTCH|Alomomola, M, shiny|100/100 brn
|move|p2a: Alomomola|Scald|p1a: JELLYFISH CLUTCH
|-resisted|p1a: JELLYFISH CLUTCH
|-damage|p1a: JELLYFISH CLUTCH|94/100 brn
|
|-damage|p1a: JELLYFISH CLUTCH|82/100 brn|[from] brn
|upkeep
|turn|17
|
|t:|1638567986
|move|p2a: Alomomola|Wish|p2a: Alomomola
|move|p1a: JELLYFISH CLUTCH|Scald|p2a: Alomomola
|-resisted|p2a: Alomomola
|-damage|p2a: Alomomola|65/100
|-status|p2a: Alomomola|brn
|
|-damage|p1a: JELLYFISH CLUTCH|70/100 brn|[from] brn
|-damage|p2a: Alomomola|52/100 brn|[from] brn
|upkeep
|turn|18
|
|t:|1638567992
|move|p2a: Alomomola|Protect|p2a: Alomomola
|-singleturn|p2a: Alomomola|Protect
|move|p1a: JELLYFISH CLUTCH|Scald|p2a: Alomomola
|-activate|p2a: Alomomola|move: Protect
|
|-heal|p2a: Alomomola|100/100 brn|[from] move: Wish|[wisher] Alomomola
|-damage|p1a: JELLYFISH CLUTCH|57/100 brn|[from] brn
|-damage|p2a: Alomomola|88/100 brn|[from] brn
|upkeep
|turn|19
|
|t:|1638567997
|move|p2a: Alomomola|Knock Off|p1a: JELLYFISH CLUTCH
|-damage|p1a: JELLYFISH CLUTCH|56/100 brn
|-damage|p2a: Alomomola|72/100 brn|[from] item: Rocky Helmet|[of] p1a: JELLYFISH CLUTCH
|-enditem|p1a: JELLYFISH CLUTCH|Rocky Helmet|[from] move: Knock Off|[of] p2a: Alomomola
|move|p1a: JELLYFISH CLUTCH|Wish|p1a: JELLYFISH CLUTCH
|
|-damage|p1a: JELLYFISH CLUTCH|43/100 brn|[from] brn
|-damage|p2a: Alomomola|59/100 brn|[from] brn
|upkeep
|turn|20
|
|t:|1638568002
|move|p2a: Alomomola|Wish|p2a: Alomomola
|move|p1a: JELLYFISH CLUTCH|Scald|p2a: Alomomola
|-resisted|p2a: Alomomola
|-damage|p2a: Alomomola|52/100 brn
|
|-heal|p1a: JELLYFISH CLUTCH|93/100 brn|[from] move: Wish|[wisher] JELLYFISH CLUTCH
|-damage|p1a: JELLYFISH CLUTCH|81/100 brn|[from] brn
|-damage|p2a: Alomomola|40/100 brn|[from] brn
|upkeep
|turn|21
|
|t:|1638568006
|move|p2a: Alomomola|Protect|p2a: Alomomola
|-singleturn|p2a: Alomomola|Protect
|move|p1a: JELLYFISH CLUTCH|Scald|p2a: Alomomola
|-activate|p2a: Alomomola|move: Protect
|
|-heal|p2a: Alomomola|89/100 brn|[from] move: Wish|[wisher] Alomomola
|-damage|p2a: Alomomola|77/100 brn|[from] brn
|-damage|p1a: JELLYFISH CLUTCH|68/100 brn|[from] brn
|upkeep
|turn|22
|
|t:|1638568008
|move|p2a: Alomomola|Wish|p2a: Alomomola
|move|p1a: JELLYFISH CLUTCH|Wish|p1a: JELLYFISH CLUTCH
|
|-damage|p2a: Alomomola|64/100 brn|[from] brn
|-damage|p1a: JELLYFISH CLUTCH|56/100 brn|[from] brn
|upkeep
|turn|23
|
|t:|1638568014
|switch|p2a: Garbodor|Garbodor, F|100/100
|-damage|p2a: Garbodor|88/100|[from] Stealth Rock
|-damage|p2a: Garbodor|72/100|[from] Spikes
|move|p1a: JELLYFISH CLUTCH|Scald|p2a: Garbodor
|-damage|p2a: Garbodor|55/100
|
|-heal|p1a: JELLYFISH CLUTCH|100/100 brn|[from] move: Wish|[wisher] JELLYFISH CLUTCH
|-heal|p2a: Garbodor|100/100|[from] move: Wish|[wisher] Alomomola
|-damage|p1a: JELLYFISH CLUTCH|88/100 brn|[from] brn
|upkeep
|turn|24
|
|t:|1638568022
|switch|p1a: WEEPING WILLOW|Natu, M, shiny|100/100
|move|p2a: Garbodor|Seed Bomb|p1a: WEEPING WILLOW
|-resisted|p1a: WEEPING WILLOW
|-damage|p1a: WEEPING WILLOW|91/100
|
|upkeep
|turn|25
|
|t:|1638568027
|move|p2a: Garbodor|Gunk Shot|p1a: WEEPING WILLOW
|-damage|p1a: WEEPING WILLOW|54/100
|move|p1a: WEEPING WILLOW|Roost|p1a: WEEPING WILLOW
|-heal|p1a: WEEPING WILLOW|100/100
|-singleturn|p1a: WEEPING WILLOW|move: Roost
|
|upkeep
|turn|26
|
|t:|1638568032
|switch|p2a: Skuntank|Skuntank, F|88/100
|-damage|p2a: Skuntank|72/100|[from] Spikes
|-damage|p2a: Skuntank|59/100|[from] Stealth Rock
|move|p1a: WEEPING WILLOW|U-turn|p2a: Skuntank
|-damage|p2a: Skuntank|48/100
|
|t:|1638568043
|switch|p1a: ADAMANTINE KATA|Garbodor, M|85/100|[from]move: U-turn
|
|upkeep
|turn|27
|
|t:|1638568048
|switch|p2a: Golurk|Golurk|100/100
|-damage|p2a: Golurk|94/100|[from] Stealth Rock
|-damage|p2a: Golurk|78/100|[from] Spikes
|move|p1a: ADAMANTINE KATA|Gunk Shot|p2a: Golurk
|-resisted|p2a: Golurk
|-damage|p2a: Golurk|70/100
|-status|p2a: Golurk|psn
|
|-heal|p2a: Golurk|76/100 psn|[from] item: Leftovers
|-damage|p2a: Golurk|64/100 psn|[from] psn
|upkeep
|turn|28
|l| We Fra’
|
|t:|1638568062
|switch|p1a: WEEPING WILLOW|Natu, M, shiny|100/100
|move|p2a: Golurk|Earthquake|p1a: WEEPING WILLOW
|-immune|p1a: WEEPING WILLOW
|
|-heal|p2a: Golurk|70/100 psn|[from] item: Leftovers
|-damage|p2a: Golurk|57/100 psn|[from] psn
|upkeep
|turn|29
|
|t:|1638568075
|move|p1a: WEEPING WILLOW|Roost||[still]
|-fail|p1a: WEEPING WILLOW|heal
|move|p2a: Golurk|Stealth Rock|p1a: WEEPING WILLOW
|move|p1a: WEEPING WILLOW|Stealth Rock||[from]ability: Magic Bounce|[still]
|-fail|p1a: WEEPING WILLOW
|
|-heal|p2a: Golurk|63/100 psn|[from] item: Leftovers
|-damage|p2a: Golurk|51/100 psn|[from] psn
|upkeep
|turn|30
|
|t:|1638568081
|move|p1a: WEEPING WILLOW|Psychic|p2a: Golurk
|-damage|p2a: Golurk|26/100 psn
|move|p2a: Golurk|Stealth Rock|p1a: WEEPING WILLOW
|move|p1a: WEEPING WILLOW|Stealth Rock||[from]ability: Magic Bounce|[still]
|-fail|p1a: WEEPING WILLOW
|
|-heal|p2a: Golurk|32/100 psn|[from] item: Leftovers
|-damage|p2a: Golurk|20/100 psn|[from] psn
|upkeep
|turn|31
|
|t:|1638568091
|move|p1a: WEEPING WILLOW|Psychic|p2a: Golurk
|-damage|p2a: Golurk|0 fnt
|faint|p2a: Golurk
|
|upkeep
|
|t:|1638568092
|switch|p2a: Skuntank|Skuntank, F|48/100
|-damage|p2a: Skuntank|31/100|[from] Spikes
|-damage|p2a: Skuntank|19/100|[from] Stealth Rock
|turn|32
|
|t:|1638568100
|move|p2a: Skuntank|Pursuit|p1a: WEEPING WILLOW
|-supereffective|p1a: WEEPING WILLOW
|-damage|p1a: WEEPING WILLOW|52/100
|move|p1a: WEEPING WILLOW|Roost|p1a: WEEPING WILLOW
|-heal|p1a: WEEPING WILLOW|100/100
|-singleturn|p1a: WEEPING WILLOW|move: Roost
|
|upkeep
|turn|33
|
|t:|1638568109
|move|p2a: Skuntank|Pursuit|p1a: WEEPING WILLOW
|-supereffective|p1a: WEEPING WILLOW
|-crit|p1a: WEEPING WILLOW
|-damage|p1a: WEEPING WILLOW|0 fnt
|faint|p1a: WEEPING WILLOW
|
|upkeep
|j| FawfulHasChortles
|l| FawfulHasChortles
|
|t:|1638568139
|switch|p1a: DEMONS BANE|Mandibuzz, F|100/100
|turn|34
|
|t:|1638568159
|switch|p2a: Alomomola|Alomomola, F|98/100 brn
|-damage|p2a: Alomomola|85/100 brn|[from] Stealth Rock
|-damage|p2a: Alomomola|69/100 brn|[from] Spikes
|move|p1a: DEMONS BANE|Toxic||[still]
|-fail|p1a: DEMONS BANE
|
|-damage|p2a: Alomomola|56/100 brn|[from] brn
|upkeep
|turn|35
|
|t:|1638568162
|move|p1a: DEMONS BANE|Taunt|p2a: Alomomola
|-start|p2a: Alomomola|move: Taunt
|cant|p2a: Alomomola|move: Taunt|Wish
|
|-damage|p2a: Alomomola|44/100 brn|[from] brn
|upkeep
|turn|36
|
|t:|1638568169
|switch|p1a: JELLYFISH CLUTCH|Alomomola, M, shiny|100/100 brn
|switch|p2a: Rotom|Rotom-Frost|100/100
|-damage|p2a: Rotom|76/100|[from] Stealth Rock
|
|-heal|p2a: Rotom|82/100|[from] item: Leftovers
|-damage|p1a: JELLYFISH CLUTCH|88/100 brn|[from] brn
|upkeep
|turn|37
|
|t:|1638568176
|switch|p1a: IRON FINGERS|Kangaskhan, F|98/100 par
|move|p2a: Rotom|Thunderbolt|p1a: IRON FINGERS
|-crit|p1a: IRON FINGERS
|-damage|p1a: IRON FINGERS|36/100 par
|
|-heal|p2a: Rotom|88/100|[from] item: Leftovers
|-heal|p1a: IRON FINGERS|43/100 par|[from] item: Leftovers
|upkeep
|turn|38
|
|t:|1638568185
|move|p1a: IRON FINGERS|Fake Out|p2a: Rotom
|-damage|p2a: Rotom|68/100
|cant|p2a: Rotom|flinch
|
|-heal|p2a: Rotom|74/100|[from] item: Leftovers
|-heal|p1a: IRON FINGERS|49/100 par|[from] item: Leftovers
|upkeep
|turn|39
|
|t:|1638568192
|switch|p1a: EARTH SHRINKING|Piloswine, F|100/100
|move|p2a: Rotom|Blizzard|p1a: EARTH SHRINKING
|-damage|p1a: EARTH SHRINKING|76/100
|
|-heal|p2a: Rotom|81/100|[from] item: Leftovers
|upkeep
|turn|40
|
|t:|1638568200
|move|p2a: Rotom|Will-O-Wisp|p1a: EARTH SHRINKING|[miss]
|-miss|p2a: Rotom|p1a: EARTH SHRINKING
|move|p1a: EARTH SHRINKING|Icicle Crash|p2a: Rotom
|-resisted|p2a: Rotom
|-damage|p2a: Rotom|54/100
|
|-heal|p2a: Rotom|61/100|[from] item: Leftovers
|upkeep
|turn|41
|
|t:|1638568214
|move|p2a: Rotom|Will-O-Wisp|p1a: EARTH SHRINKING|[miss]
|-miss|p2a: Rotom|p1a: EARTH SHRINKING
|move|p1a: EARTH SHRINKING|Icicle Crash|p2a: Rotom
|-resisted|p2a: Rotom
|-damage|p2a: Rotom|35/100
|
|-heal|p2a: Rotom|41/100|[from] item: Leftovers
|upkeep
|turn|42
|
|t:|1638568220
|move|p2a: Rotom|Will-O-Wisp|p1a: EARTH SHRINKING
|-status|p1a: EARTH SHRINKING|brn
|move|p1a: EARTH SHRINKING|Icicle Crash|p2a: Rotom
|-resisted|p2a: Rotom
|-damage|p2a: Rotom|28/100
|
|-heal|p2a: Rotom|35/100|[from] item: Leftovers
|-damage|p1a: EARTH SHRINKING|64/100 brn|[from] brn
|upkeep
|turn|43
|j|@Arai
|
|t:|1638568229
|move|p2a: Rotom|Blizzard|p1a: EARTH SHRINKING
|-damage|p1a: EARTH SHRINKING|40/100 brn
|move|p1a: EARTH SHRINKING|Icicle Crash|p2a: Rotom
|-resisted|p2a: Rotom
|-damage|p2a: Rotom|22/100
|
|-heal|p2a: Rotom|28/100|[from] item: Leftovers
|-damage|p1a: EARTH SHRINKING|28/100 brn|[from] brn
|upkeep
|turn|44
|
|t:|1638568238
|move|p1a: EARTH SHRINKING|Ice Shard|p2a: Rotom
|-resisted|p2a: Rotom
|-damage|p2a: Rotom|22/100
|move|p2a: Rotom|Blizzard|p1a: EARTH SHRINKING|[miss]
|-miss|p2a: Rotom|p1a: EARTH SHRINKING
|
|-heal|p2a: Rotom|28/100|[from] item: Leftovers
|-damage|p1a: EARTH SHRINKING|15/100 brn|[from] brn
|upkeep
|turn|45
|
|t:|1638568243
|move|p1a: EARTH SHRINKING|Ice Shard|p2a: Rotom
|-resisted|p2a: Rotom
|-damage|p2a: Rotom|21/100
|move|p2a: Rotom|Blizzard|p1a: EARTH SHRINKING
|-damage|p1a: EARTH SHRINKING|0 fnt
|faint|p1a: EARTH SHRINKING
|
|-heal|p2a: Rotom|27/100|[from] item: Leftovers
|upkeep
|
|t:|1638568247
|switch|p1a: ADAMANTINE KATA|Garbodor, M|85/100
|turn|46
|
|t:|1638568252
|move|p2a: Rotom|Will-O-Wisp|p1a: ADAMANTINE KATA
|-status|p1a: ADAMANTINE KATA|brn
|move|p1a: ADAMANTINE KATA|Gunk Shot|p2a: Rotom
|-damage|p2a: Rotom|0 fnt
|faint|p2a: Rotom
|
|-damage|p1a: ADAMANTINE KATA|72/100 brn|[from] brn
|upkeep
|
|t:|1638568257
|switch|p2a: Garbodor|Garbodor, F|100/100
|-damage|p2a: Garbodor|84/100|[from] Spikes
|-damage|p2a: Garbodor|72/100|[from] Stealth Rock
|turn|47
|
|t:|1638568274
|move|p2a: Garbodor|Spikes|p1a: ADAMANTINE KATA
|-sidestart|p1: Somalia|Spikes
|move|p1a: ADAMANTINE KATA|Spikes|p2a: Garbodor
|-sidestart|p2: AmyQuaris|Spikes
|
|-damage|p1a: ADAMANTINE KATA|60/100 brn|[from] brn
|upkeep
|turn|48
|
|t:|1638568285
|switch|p1a: JELLYFISH CLUTCH|Alomomola, M, shiny|100/100 brn
|-damage|p1a: JELLYFISH CLUTCH|88/100 brn|[from] Spikes
|move|p2a: Garbodor|Spikes|p1a: JELLYFISH CLUTCH
|-sidestart|p1: Somalia|Spikes
|
|-damage|p1a: JELLYFISH CLUTCH|76/100 brn|[from] brn
|upkeep
|turn|49
|
|t:|1638568288
|move|p2a: Garbodor|Seed Bomb|p1a: JELLYFISH CLUTCH
|-supereffective|p1a: JELLYFISH CLUTCH
|-damage|p1a: JELLYFISH CLUTCH|54/100 brn
|move|p1a: JELLYFISH CLUTCH|Scald|p2a: Garbodor
|-damage|p2a: Garbodor|56/100
|-status|p2a: Garbodor|brn
|
|-damage|p2a: Garbodor|43/100 brn|[from] brn
|-damage|p1a: JELLYFISH CLUTCH|41/100 brn|[from] brn
|upkeep
|turn|50
|
|t:|1638568294
|move|p2a: Garbodor|Spikes|p1a: JELLYFISH CLUTCH
|-sidestart|p1: Somalia|Spikes
|move|p1a: JELLYFISH CLUTCH|Wish|p1a: JELLYFISH CLUTCH
|
|-damage|p2a: Garbodor|31/100 brn|[from] brn
|-damage|p1a: JELLYFISH CLUTCH|29/100 brn|[from] brn
|upkeep
|turn|51
|l| a014646094
|
|t:|1638568302
|move|p1a: JELLYFISH CLUTCH|Protect|p1a: JELLYFISH CLUTCH
|-singleturn|p1a: JELLYFISH CLUTCH|Protect
|move|p2a: Garbodor|Seed Bomb|p1a: JELLYFISH CLUTCH
|-activate|p1a: JELLYFISH CLUTCH|move: Protect
|
|-heal|p1a: JELLYFISH CLUTCH|79/100 brn|[from] move: Wish|[wisher] JELLYFISH CLUTCH
|-damage|p2a: Garbodor|19/100 brn|[from] brn
|-damage|p1a: JELLYFISH CLUTCH|66/100 brn|[from] brn
|upkeep
|turn|52
|
|t:|1638568306
|move|p2a: Garbodor|Seed Bomb|p1a: JELLYFISH CLUTCH
|-supereffective|p1a: JELLYFISH CLUTCH
|-damage|p1a: JELLYFISH CLUTCH|56/100 brn
|move|p1a: JELLYFISH CLUTCH|Wish|p1a: JELLYFISH CLUTCH
|
|-damage|p2a: Garbodor|6/100 brn|[from] brn
|-damage|p1a: JELLYFISH CLUTCH|43/100 brn|[from] brn
|upkeep
|turn|53
|
|t:|1638568311
|move|p1a: JELLYFISH CLUTCH|Protect|p1a: JELLYFISH CLUTCH
|-singleturn|p1a: JELLYFISH CLUTCH|Protect
|move|p2a: Garbodor|Seed Bomb|p1a: JELLYFISH CLUTCH
|-activate|p1a: JELLYFISH CLUTCH|move: Protect
|
|-heal|p1a: JELLYFISH CLUTCH|93/100 brn|[from] move: Wish|[wisher] JELLYFISH CLUTCH
|-damage|p2a: Garbodor|0 fnt|[from] brn
|faint|p2a: Garbodor
|-damage|p1a: JELLYFISH CLUTCH|81/100 brn|[from] brn
|upkeep
|
|t:|1638568315
|switch|p2a: Alomomola|Alomomola, F|77/100 brn
|-damage|p2a: Alomomola|64/100 brn|[from] Stealth Rock
|-damage|p2a: Alomomola|40/100 brn|[from] Spikes
|turn|54
|
|t:|1638568323
|move|p1a: JELLYFISH CLUTCH|Wish|p1a: JELLYFISH CLUTCH
|move|p2a: Alomomola|Wish|p2a: Alomomola
|
|-damage|p1a: JELLYFISH CLUTCH|68/100 brn|[from] brn
|-damage|p2a: Alomomola|27/100 brn|[from] brn
|upkeep
|turn|55
|
|t:|1638568327
|move|p1a: JELLYFISH CLUTCH|Scald|p2a: Alomomola
|-resisted|p2a: Alomomola
|-damage|p2a: Alomomola|20/100 brn
|move|p2a: Alomomola|Scald|p1a: JELLYFISH CLUTCH
|-resisted|p1a: JELLYFISH CLUTCH
|-damage|p1a: JELLYFISH CLUTCH|62/100 brn
|
|-heal|p1a: JELLYFISH CLUTCH|100/100 brn|[from] move: Wish|[wisher] JELLYFISH CLUTCH
|-heal|p2a: Alomomola|70/100 brn|[from] move: Wish|[wisher] Alomomola
|-damage|p1a: JELLYFISH CLUTCH|88/100 brn|[from] brn
|-damage|p2a: Alomomola|58/100 brn|[from] brn
|upkeep
|turn|56
|
|t:|1638568337
|move|p2a: Alomomola|Wish|p2a: Alomomola
|move|p1a: JELLYFISH CLUTCH|Wish|p1a: JELLYFISH CLUTCH
|
|-damage|p2a: Alomomola|45/100 brn|[from] brn
|-damage|p1a: JELLYFISH CLUTCH|76/100 brn|[from] brn
|upkeep
|turn|57
|
|t:|1638568342
|switch|p1a: IRON FINGERS|Kangaskhan, F|49/100 par
|-damage|p1a: IRON FINGERS|24/100 par|[from] Spikes
|move|p2a: Alomomola|Knock Off|p1a: IRON FINGERS
|-crit|p1a: IRON FINGERS
|-damage|p1a: IRON FINGERS|20/100 par
|-enditem|p1a: IRON FINGERS|Leftovers|[from] move: Knock Off|[of] p2a: Alomomola
|
|-heal|p1a: IRON FINGERS|80/100 par|[from] move: Wish|[wisher] JELLYFISH CLUTCH
|-heal|p2a: Alomomola|95/100 brn|[from] move: Wish|[wisher] Alomomola
|-damage|p2a: Alomomola|83/100 brn|[from] brn
|upkeep
|turn|58
|
|t:|1638568350
|move|p2a: Alomomola|Wish|p2a: Alomomola
|move|p1a: IRON FINGERS|Wish|p1a: IRON FINGERS
|
|-damage|p2a: Alomomola|70/100 brn|[from] brn
|upkeep
|turn|59
|
|t:|1638568364
|switch|p2a: Kangaskhan|Kangaskhan, F|100/100
|-damage|p2a: Kangaskhan|88/100|[from] Stealth Rock
|-damage|p2a: Kangaskhan|63/100|[from] Spikes
|move|p1a: IRON FINGERS|Double-Edge|p2a: Kangaskhan
|-damage|p2a: Kangaskhan|16/100
|-damage|p1a: IRON FINGERS|67/100 par|[from] Recoil
|
|-heal|p1a: IRON FINGERS|100/100 par|[from] move: Wish|[wisher] IRON FINGERS
|-heal|p2a: Kangaskhan|86/100|[from] move: Wish|[wisher] Alomomola
|upkeep
|turn|60
|
|t:|1638568380
|switch|p1a: ADAMANTINE KATA|Garbodor, M|60/100 brn
|-damage|p1a: ADAMANTINE KATA|35/100 brn|[from] Spikes
|move|p2a: Kangaskhan|Double-Edge|p1a: ADAMANTINE KATA
|-damage|p1a: ADAMANTINE KATA|0 fnt
|-damage|p2a: Kangaskhan|61/100|[from] ability: Aftermath|[of] p1a: ADAMANTINE KATA
|faint|p1a: ADAMANTINE KATA
|-damage|p2a: Kangaskhan|50/100|[from] Recoil
|
|upkeep
|
|t:|1638568390
|switch|p1a: DEMONS BANE|Mandibuzz, F|100/100
|turn|61
|
|t:|1638568395
|move|p2a: Kangaskhan|Double-Edge|p1a: DEMONS BANE
|-damage|p1a: DEMONS BANE|61/100
|-damage|p2a: Kangaskhan|34/100|[from] Recoil
|move|p1a: DEMONS BANE|Foul Play|p2a: Kangaskhan
|-crit|p2a: Kangaskhan
|-damage|p2a: Kangaskhan|0 fnt
|faint|p2a: Kangaskhan
|
|-heal|p1a: DEMONS BANE|67/100|[from] item: Leftovers
|upkeep
|
|t:|1638568397
|switch|p2a: Alomomola|Alomomola, F|100/100 brn
|-damage|p2a: Alomomola|88/100 brn|[from] Stealth Rock
|-damage|p2a: Alomomola|63/100 brn|[from] Spikes
|turn|62
|
|t:|1638568398
|move|p1a: DEMONS BANE|Taunt|p2a: Alomomola
|-start|p2a: Alomomola|move: Taunt
|move|p2a: Alomomola|Scald|p1a: DEMONS BANE
|-damage|p1a: DEMONS BANE|57/100
|
|-heal|p1a: DEMONS BANE|64/100|[from] item: Leftovers
|-damage|p2a: Alomomola|51/100 brn|[from] brn
|upkeep
|turn|63
|c|☆AmyQuaris|gg
|c|☆Somalia|gg
|-message|AmyQuaris forfeited.
|
|win|Somalia
|n|☆Somalia|somalia
|n|☆AmyQuaris|amyquaris
|n| BB-8-NU|bb8nu
|n|+Arai|arai
|l| BB-8-NU
|l|☆Somalia
|l|☆AmyQuaris
