|j|☆sweettingz
|j|☆bingbongbish
|inactive|Battle timer is ON: inactive players will automatically lose when time's up.
|t:|1624965054
|gametype|singles
|player|p1|sweettingz|li|
|player|p2|bingbongbish|102|
|teamsize|p1|6
|teamsize|p2|6
|gen|5
|tier|[Gen 5] LC
|rated|Tournament battle
|rule|Species Clause: Limit one of each Pokémon
|rule|OHKO Clause: OHKO moves are banned
|rule|Moody Clause: Moody is banned
|rule|Evasion Moves Clause: Evasion moves are banned
|rule|Endless Battle Clause: Forcing endless battles is banned
|rule|HP Percentage Mod: HP is shown in percentages
|rule|Sleep Clause: Sleep-inducing moves are banned
|clearpoke
|poke|p1|Abra, L5, F|item
|poke|p1|Gastly, L5, F|item
|poke|p1|Staryu, L5|item
|poke|p1|Timburr, L5, F|item
|poke|p1|Magnemite, L5|item
|poke|p1|Drilbur, L5, M|item
|poke|p2|Ferroseed, L5, F|item
|poke|p2|Riolu, L5, F|item
|poke|p2|Mienfoo, L5, M|item
|poke|p2|Magnemite, L5|item
|poke|p2|Drifloon, L5, F|item
|poke|p2|Hippopotas, L5, M|item
|teampreview
|inactive|bingbongbish also wants the timer to be on.
|
|t:|1624965067
|start
|switch|p1a: Drilbur|Drilbur, L5, M|100/100
|switch|p2a: Drifloon|Drifloon, L5, F, shiny|100/100
|-ability|p1a: Drilbur|Mold Breaker
|turn|1
|j| Suryaditya_Taneja
|
|t:|1624965074
|move|p1a: Drilbur|Rock Slide|p2a: Drifloon
|-supereffective|p2a: Drifloon
|-damage|p2a: Drifloon|29/100
|cant|p2a: Drifloon|flinch
|
|upkeep
|turn|2
|c|☆sweettingz|sry
|l| Suryaditya_Taneja
|c|☆bingbongbish|lol np
|
|t:|1624965090
|switch|p2a: Hippopotas|Hippopotas, L5, M|100/100
|-weather|Sandstorm|[from] ability: Sand Stream|[of] p2a: Hippopotas
|move|p1a: Drilbur|Stealth Rock|p2a: Hippopotas
|-sidestart|p2: bingbongbish|move: Stealth Rock
|
|-weather|Sandstorm|[upkeep]
|upkeep
|turn|3
|
|t:|1624965106
|move|p1a: Drilbur|Swords Dance|p1a: Drilbur
|-boost|p1a: Drilbur|atk|2
|move|p2a: Hippopotas|Stealth Rock|p1a: Drilbur
|-sidestart|p1: sweettingz|move: Stealth Rock
|
|-weather|Sandstorm|[upkeep]
|upkeep
|turn|4
|
|t:|1624965109
|move|p1a: Drilbur|Earthquake|p2a: Hippopotas
|-damage|p2a: Hippopotas|36/100
|move|p2a: Hippopotas|Whirlwind|p1a: Drilbur
|drag|p1a: Magnemite|Magnemite, L5|100/100
|-damage|p1a: Magnemite|95/100|[from] Stealth Rock
|
|-weather|Sandstorm|[upkeep]
|upkeep
|turn|5
|
|t:|1624965119
|move|p1a: Magnemite|Flash Cannon|p2a: Hippopotas
|-damage|p2a: Hippopotas|0 fnt
|faint|p2a: Hippopotas
|
|-weather|Sandstorm|[upkeep]
|upkeep
|
|t:|1624965137
|switch|p2a: Riolu|Riolu, L5, F, shiny|100/100
|-damage|p2a: Riolu|96/100|[from] Stealth Rock
|turn|6
|
|t:|1624965144
|switch|p1a: Gastly|Gastly, L5, F|100/100
|-damage|p1a: Gastly|90/100|[from] Stealth Rock
|move|p2a: Riolu|Drain Punch|p1a: Gastly
|-immune|p1a: Gastly
|
|-weather|Sandstorm|[upkeep]
|-damage|p1a: Gastly|85/100|[from] Sandstorm
|-damage|p2a: Riolu|91/100|[from] Sandstorm
|upkeep
|turn|7
|
|t:|1624965149
|move|p2a: Riolu|Protect|p2a: Riolu
|-singleturn|p2a: Riolu|Protect
|move|p1a: Gastly|Sludge Bomb|p2a: Riolu
|-activate|p2a: Riolu|move: Protect
|
|-weather|Sandstorm|[upkeep]
|-damage|p1a: Gastly|79/100|[from] Sandstorm
|-damage|p2a: Riolu|87/100|[from] Sandstorm
|upkeep
|turn|8
|
|t:|1624965154
|switch|p2a: Ferroseed|Ferroseed, L5, F|100/100
|-damage|p2a: Ferroseed|96/100|[from] Stealth Rock
|move|p1a: Gastly|Sludge Bomb|p2a: Ferroseed
|-immune|p2a: Ferroseed
|
|-weather|Sandstorm|[upkeep]
|-damage|p1a: Gastly|74/100|[from] Sandstorm
|upkeep
|turn|9
|
|t:|1624965159
|switch|p1a: Timburr|Timburr, L5, F|100/100
|-damage|p1a: Timburr|96/100|[from] Stealth Rock
|move|p2a: Ferroseed|Spikes|p1a: Timburr
|-sidestart|p1: sweettingz|Spikes
|
|-weather|Sandstorm|[upkeep]
|-damage|p1a: Timburr|92/100|[from] Sandstorm
|upkeep
|turn|10
|
|t:|1624965167
|move|p1a: Timburr|Bulk Up|p1a: Timburr
|-boost|p1a: Timburr|atk|1
|-boost|p1a: Timburr|def|1
|move|p2a: Ferroseed|Thunder Wave|p1a: Timburr
|-status|p1a: Timburr|par
|
|-weather|Sandstorm|[upkeep]
|-damage|p1a: Timburr|88/100 par|[from] Sandstorm
|upkeep
|turn|11
|
|t:|1624965172
|switch|p2a: Drifloon|Drifloon, L5, F, shiny|29/100
|-damage|p2a: Drifloon|4/100|[from] Stealth Rock
|move|p1a: Timburr|Drain Punch|p2a: Drifloon
|-immune|p2a: Drifloon
|
|-weather|Sandstorm|[upkeep]
|-damage|p2a: Drifloon|0 fnt|[from] Sandstorm
|-damage|p1a: Timburr|84/100 par|[from] Sandstorm
|faint|p2a: Drifloon
|upkeep
|
|t:|1624965185
|switch|p2a: Riolu|Riolu, L5, F, shiny|87/100
|-damage|p2a: Riolu|82/100|[from] Stealth Rock
|turn|12
|
|t:|1624965190
|move|p1a: Timburr|Drain Punch|p2a: Riolu
|-damage|p2a: Riolu|0 fnt
|-heal|p1a: Timburr|100/100 par|[from] drain|[of] p2a: Riolu
|faint|p2a: Riolu
|
|-weather|Sandstorm|[upkeep]
|-damage|p1a: Timburr|96/100 par|[from] Sandstorm
|upkeep
|
|t:|1624965198
|switch|p2a: Ferroseed|Ferroseed, L5, F|96/100
|-damage|p2a: Ferroseed|91/100|[from] Stealth Rock
|turn|13
|
|t:|1624965200
|move|p2a: Ferroseed|Spikes|p1a: Timburr
|-sidestart|p1: sweettingz|Spikes
|cant|p1a: Timburr|par
|
|-weather|Sandstorm|[upkeep]
|-damage|p1a: Timburr|92/100 par|[from] Sandstorm
|upkeep
|turn|14
|
|t:|1624965201
|move|p2a: Ferroseed|Spikes|p1a: Timburr
|-sidestart|p1: sweettingz|Spikes
|move|p1a: Timburr|Drain Punch|p2a: Ferroseed
|-supereffective|p2a: Ferroseed
|-damage|p2a: Ferroseed|0 fnt
|-heal|p1a: Timburr|100/100 par|[from] drain|[of] p2a: Ferroseed
|-damage|p1a: Timburr|88/100 par|[from] ability: Iron Barbs|[of] p2a: Ferroseed
|faint|p2a: Ferroseed
|
|-weather|Sandstorm|[upkeep]
|-damage|p1a: Timburr|84/100 par|[from] Sandstorm
|upkeep
|
|t:|1624965205
|switch|p2a: Mienfoo|Mienfoo, L5, M|100/100
|-damage|p2a: Mienfoo|96/100|[from] Stealth Rock
|turn|15
|
|t:|1624965208
|move|p2a: Mienfoo|Acrobatics|p1a: Timburr
|-enditem|p2a: Mienfoo|Flying Gem|[from] gem
|-supereffective|p1a: Timburr
|-damage|p1a: Timburr|17/100 par
|move|p1a: Timburr|Drain Punch|p2a: Mienfoo
|-damage|p2a: Mienfoo|0 fnt
|-heal|p1a: Timburr|63/100 par|[from] drain|[of] p2a: Mienfoo
|faint|p2a: Mienfoo
|
|-weather|Sandstorm|[upkeep]
|-damage|p1a: Timburr|59/100 par|[from] Sandstorm
|upkeep
|c|☆sweettingz|gg
|
|t:|1624965213
|switch|p2a: Magnemite|Magnemite, L5, shiny|100/100
|-damage|p2a: Magnemite|95/100|[from] Stealth Rock
|turn|16
|c|☆bingbongbish|gg
|
|t:|1624965218
|move|p1a: Timburr|Mach Punch|p2a: Magnemite
|-supereffective|p2a: Magnemite
|-damage|p2a: Magnemite|0 fnt
|faint|p2a: Magnemite
|
|win|sweettingz
|n|☆sweettingz|sweettingz
|n|☆bingbongbish|bingbongbish
