|j|☆BeatsBlack
|j|☆Observation Hockey
|t:|1636150506
|gametype|singles
|player|p1|BeatsBlack|winona|
|player|p2|Observation Hockey|pilot|
|teamsize|p1|6
|teamsize|p2|6
|gen|5
|tier|[Gen 5] UU
|rated|Tournament battle
|rule|Species Clause: Limit one of each Pokémon
|rule|OHKO Clause: OHKO moves are banned
|rule|Moody Clause: Moody is banned
|rule|Evasion Moves Clause: Evasion moves are banned
|rule|Endless Battle Clause: Forcing endless battles is banned
|rule|HP Percentage Mod: HP is shown in percentages
|rule|Evasion Abilities Clause: Evasion abilities are banned
|rule|Baton Pass Clause: Limit one Baton Passer, can't pass Spe and other stats simultaneously
|rule|Swagger Clause: Swagger is banned
|rule|Sleep Clause Mod: Limit one foe put to sleep
|clearpoke
|poke|p1|Meloetta|item
|poke|p1|Blastoise, F|item
|poke|p1|Rhyperior, M|item
|poke|p1|Victini|item
|poke|p1|Zapdos|item
|poke|p1|Cobalion|item
|poke|p2|Meloetta|item
|poke|p2|Scolipede, F|item
|poke|p2|Cofagrigus, M|item
|poke|p2|Cobalion|item
|poke|p2|Flygon, M|item
|poke|p2|Sharpedo, F|item
|teampreview
|j| BB-8-NU
|c|☆BeatsBlack|hfhf
|c|☆Observation Hockey|you too
|j| ChooseYourFailure
|
|t:|1636150526
|start
|switch|p1a: Zapdos|Zapdos|100/100
|switch|p2a: Scolipede|Scolipede, F|100/100
|-ability|p1a: Zapdos|Pressure
|turn|1
|j| Dragonicos
|
|t:|1636150535
|move|p2a: Scolipede|Spikes|p1a: Zapdos
|-sidestart|p1: BeatsBlack|Spikes
|move|p1a: Zapdos|Heat Wave|p2a: Scolipede
|-supereffective|p2a: Scolipede
|-damage|p2a: Scolipede|25/100
|
|upkeep
|turn|2
|
|t:|1636150549
|move|p2a: Scolipede|Spikes|p1a: Zapdos
|-sidestart|p1: BeatsBlack|Spikes
|move|p1a: Zapdos|Discharge|p2a: Scolipede
|-damage|p2a: Scolipede|0 fnt
|faint|p2a: Scolipede
|
|upkeep
|
|t:|1636150558
|switch|p2a: Meloetta|Meloetta|100/100
|turn|3
|
|t:|1636150568
|move|p2a: Meloetta|Psychic|p1a: Zapdos
|-damage|p1a: Zapdos|40/100
|-damage|p2a: Meloetta|91/100|[from] item: Life Orb
|move|p1a: Zapdos|Discharge|p2a: Meloetta
|-damage|p2a: Meloetta|62/100
|
|-heal|p1a: Zapdos|46/100|[from] item: Leftovers
|upkeep
|turn|4
|
|t:|1636150579
|switch|p1a: Victini|Victini|100/100
|-damage|p1a: Victini|84/100|[from] Spikes
|move|p2a: Meloetta|Psychic|p1a: Victini
|-resisted|p1a: Victini
|-damage|p1a: Victini|57/100
|-damage|p2a: Meloetta|52/100|[from] item: Life Orb
|
|upkeep
|turn|5
|
|t:|1636150583
|switch|p2a: Flygon|Flygon, M|100/100
|move|p1a: Victini|V-create|p2a: Flygon
|-resisted|p2a: Flygon
|-damage|p2a: Flygon|51/100
|-unboost|p1a: Victini|spe|1
|-unboost|p1a: Victini|def|1
|-unboost|p1a: Victini|spd|1
|
|upkeep
|turn|6
|
|t:|1636150609
|switch|p1a: Zapdos|Zapdos|46/100
|-ability|p1a: Zapdos|Pressure
|move|p2a: Flygon|Earthquake|p1a: Zapdos
|-immune|p1a: Zapdos
|
|-heal|p1a: Zapdos|52/100|[from] item: Leftovers
|upkeep
|turn|7
|
|t:|1636150613
|switch|p2a: Meloetta|Meloetta|52/100
|move|p1a: Zapdos|Roost|p1a: Zapdos
|-heal|p1a: Zapdos|100/100
|-singleturn|p1a: Zapdos|move: Roost
|
|upkeep
|turn|8
|
|t:|1636150616
|move|p2a: Meloetta|Psychic|p1a: Zapdos
|-damage|p1a: Zapdos|37/100
|-unboost|p1a: Zapdos|spd|1
|-damage|p2a: Meloetta|42/100|[from] item: Life Orb
|move|p1a: Zapdos|Discharge|p2a: Meloetta
|-damage|p2a: Meloetta|15/100
|-status|p2a: Meloetta|par
|
|-heal|p1a: Zapdos|43/100|[from] item: Leftovers
|upkeep
|turn|9
|
|t:|1636150626
|move|p1a: Zapdos|Hidden Power|p2a: Meloetta
|-damage|p2a: Meloetta|0 fnt
|faint|p2a: Meloetta
|
|-heal|p1a: Zapdos|49/100|[from] item: Leftovers
|upkeep
|
|t:|1636150632
|switch|p2a: Cobalion|Cobalion|100/100
|turn|10
|
|t:|1636150643
|move|p2a: Cobalion|Stone Edge|p1a: Zapdos|[miss]
|-miss|p2a: Cobalion|p1a: Zapdos
|move|p1a: Zapdos|Roost|p1a: Zapdos
|-heal|p1a: Zapdos|99/100
|-singleturn|p1a: Zapdos|move: Roost
|
|-heal|p1a: Zapdos|100/100|[from] item: Leftovers
|upkeep
|turn|11
|
|t:|1636150647
|move|p2a: Cobalion|Stone Edge|p1a: Zapdos|[miss]
|-miss|p2a: Cobalion|p1a: Zapdos
|move|p1a: Zapdos|Discharge|p2a: Cobalion
|-damage|p2a: Cobalion|56/100
|
|upkeep
|turn|12
|
|t:|1636150649
|move|p2a: Cobalion|Stone Edge|p1a: Zapdos
|-supereffective|p1a: Zapdos
|-damage|p1a: Zapdos|38/100
|-damage|p2a: Cobalion|46/100|[from] item: Life Orb
|move|p1a: Zapdos|Discharge|p2a: Cobalion
|-damage|p2a: Cobalion|0 fnt
|faint|p2a: Cobalion
|
|-heal|p1a: Zapdos|44/100|[from] item: Leftovers
|upkeep
|
|t:|1636150658
|switch|p2a: Sharpedo|Sharpedo, F|100/100
|turn|13
|j| zngtt
|l| zngtt
|
|t:|1636150677
|move|p2a: Sharpedo|Protect|p2a: Sharpedo
|-singleturn|p2a: Sharpedo|Protect
|move|p1a: Zapdos|Discharge|p2a: Sharpedo
|-activate|p2a: Sharpedo|move: Protect
|
|-heal|p1a: Zapdos|50/100|[from] item: Leftovers
|-ability|p2a: Sharpedo|Speed Boost|boost
|-boost|p2a: Sharpedo|spe|1
|upkeep
|turn|14
|
|t:|1636150682
|move|p2a: Sharpedo|Ice Beam|p1a: Zapdos
|-supereffective|p1a: Zapdos
|-damage|p1a: Zapdos|0 fnt
|faint|p1a: Zapdos
|-damage|p2a: Sharpedo|91/100|[from] item: Life Orb
|
|-ability|p2a: Sharpedo|Speed Boost|boost
|-boost|p2a: Sharpedo|spe|1
|upkeep
|
|t:|1636150684
|switch|p1a: Cobalion|Cobalion|100/100
|-damage|p1a: Cobalion|84/100|[from] Spikes
|turn|15
|
|t:|1636150693
|switch|p1a: Blastoise|Blastoise, F|100/100
|-damage|p1a: Blastoise|84/100|[from] Spikes
|move|p2a: Sharpedo|Hydro Pump|p1a: Blastoise|[miss]
|-miss|p2a: Sharpedo|p1a: Blastoise
|
|-heal|p1a: Blastoise|90/100|[from] item: Leftovers
|-ability|p2a: Sharpedo|Speed Boost|boost
|-boost|p2a: Sharpedo|spe|1
|upkeep
|turn|16
|
|t:|1636150701
|switch|p2a: Cofagrigus|Cofagrigus, M|100/100
|move|p1a: Blastoise|Toxic|p2a: Cofagrigus
|-status|p2a: Cofagrigus|tox
|
|-heal|p1a: Blastoise|96/100|[from] item: Leftovers
|-damage|p2a: Cofagrigus|94/100 tox|[from] psn
|upkeep
|turn|17
|
|t:|1636150706
|move|p1a: Blastoise|Scald|p2a: Cofagrigus
|-crit|p2a: Cofagrigus
|-damage|p2a: Cofagrigus|41/100 tox
|move|p2a: Cofagrigus|Nasty Plot|p2a: Cofagrigus
|-boost|p2a: Cofagrigus|spa|2
|
|-heal|p1a: Blastoise|100/100|[from] item: Leftovers
|-heal|p2a: Cofagrigus|48/100 tox|[from] item: Leftovers
|-damage|p2a: Cofagrigus|35/100 tox|[from] psn
|upkeep
|turn|18
|
|t:|1636150717
|switch|p1a: Rhyperior|Rhyperior, M|100/100
|-damage|p1a: Rhyperior|84/100|[from] Spikes
|move|p2a: Cofagrigus|Shadow Ball|p1a: Rhyperior
|-crit|p1a: Rhyperior
|-damage|p1a: Rhyperior|0 fnt
|faint|p1a: Rhyperior
|
|-heal|p2a: Cofagrigus|41/100 tox|[from] item: Leftovers
|-damage|p2a: Cofagrigus|23/100 tox|[from] psn
|upkeep
|
|t:|1636150727
|switch|p1a: Meloetta|Meloetta|100/100
|-damage|p1a: Meloetta|84/100|[from] Spikes
|turn|19
|
|t:|1636150736
|move|p1a: Meloetta|Hidden Power|p2a: Cofagrigus
|-damage|p2a: Cofagrigus|0 fnt
|faint|p2a: Cofagrigus
|
|upkeep
|
|t:|1636150741
|switch|p2a: Flygon|Flygon, M|51/100
|turn|20
|
|t:|1636150757
|move|p2a: Flygon|Earthquake|p1a: Meloetta
|-damage|p1a: Meloetta|30/100
|move|p1a: Meloetta|Hidden Power|p2a: Flygon
|-damage|p2a: Flygon|0 fnt
|faint|p2a: Flygon
|
|upkeep
|
|t:|1636150761
|switch|p2a: Sharpedo|Sharpedo, F|91/100
|turn|21
|
|t:|1636150764
|move|p2a: Sharpedo|Protect|p2a: Sharpedo
|-singleturn|p2a: Sharpedo|Protect
|move|p1a: Meloetta|Hidden Power|p2a: Sharpedo
|-activate|p2a: Sharpedo|move: Protect
|
|-ability|p2a: Sharpedo|Speed Boost|boost
|-boost|p2a: Sharpedo|spe|1
|upkeep
|turn|22
|
|t:|1636150774
|move|p2a: Sharpedo|Dark Pulse|p1a: Meloetta
|-supereffective|p1a: Meloetta
|-damage|p1a: Meloetta|0 fnt
|faint|p1a: Meloetta
|-damage|p2a: Sharpedo|81/100|[from] item: Life Orb
|
|-ability|p2a: Sharpedo|Speed Boost|boost
|-boost|p2a: Sharpedo|spe|1
|upkeep
|
|t:|1636150779
|switch|p1a: Cobalion|Cobalion|84/100
|-damage|p1a: Cobalion|68/100|[from] Spikes
|turn|23
|
|t:|1636150786
|move|p2a: Sharpedo|Hydro Pump|p1a: Cobalion
|-damage|p1a: Cobalion|0 fnt
|faint|p1a: Cobalion
|-damage|p2a: Sharpedo|71/100|[from] item: Life Orb
|
|-ability|p2a: Sharpedo|Speed Boost|boost
|-boost|p2a: Sharpedo|spe|1
|upkeep
|
|t:|1636150787
|switch|p1a: Blastoise|Blastoise, F|100/100
|-damage|p1a: Blastoise|84/100|[from] Spikes
|turn|24
|
|t:|1636150797
|move|p2a: Sharpedo|Dark Pulse|p1a: Blastoise
|-damage|p1a: Blastoise|41/100
|-damage|p2a: Sharpedo|61/100|[from] item: Life Orb
|move|p1a: Blastoise|Scald|p2a: Sharpedo
|-resisted|p2a: Sharpedo
|-damage|p2a: Sharpedo|30/100
|-status|p2a: Sharpedo|brn
|
|-heal|p1a: Blastoise|47/100|[from] item: Leftovers
|-damage|p2a: Sharpedo|17/100 brn|[from] brn
|-ability|p2a: Sharpedo|Speed Boost|boost
|-boost|p2a: Sharpedo|spe|1
|upkeep
|turn|25
|j| Spoonii
|
|t:|1636150806
|move|p2a: Sharpedo|Dark Pulse|p1a: Blastoise
|-damage|p1a: Blastoise|0 fnt
|faint|p1a: Blastoise
|-damage|p2a: Sharpedo|7/100 brn|[from] item: Life Orb
|
|-damage|p2a: Sharpedo|0 fnt|[from] brn
|faint|p2a: Sharpedo
|
|win|BeatsBlack
|upkeep
|n|☆BeatsBlack|beatsblack
|n|☆Observation Hockey|observationhockey
|n| BB-8-NU|bb8nu
|n| ChooseYourFailure|chooseyourfailure
|n| Dragonicos|dragonicos
|n| Spoonii|spoonii
|l| BB-8-NU
|c|☆Observation Hockey|gg
|c|☆BeatsBlack|gg
|l|☆Observation Hockey
|l|☆BeatsBlack
