|j|☆possibilities
|j|☆El Rey Del Sur
|inactive|Battle timer is ON: inactive players will automatically lose when time's up.
|t:|1643947023
|gametype|singles
|player|p1|possibilities|101|
|player|p2|El Rey Del Sur|biker-gen1|
|teamsize|p1|6
|teamsize|p2|6
|gen|5
|tier|[Gen 5] OU
|rated|Tournament battle
|rule|Species Clause: Limit one of each Pokémon
|rule|OHKO Clause: OHKO moves are banned
|rule|Moody Clause: Moody is banned
|rule|Evasion Moves Clause: Evasion moves are banned
|rule|Endless Battle Clause: Forcing endless battles is banned
|rule|HP Percentage Mod: HP is shown in percentages
|rule|Evasion Abilities Clause: Evasion abilities are banned
|rule|Sleep Clause: Sleep-inducing moves are banned
|rule|Swagger Clause: Swagger is banned
|clearpoke
|poke|p1|Politoed, M|item
|poke|p1|Tentacruel, M|item
|poke|p1|Celebi|item
|poke|p1|Ferrothorn, M|item
|poke|p1|Thundurus-Therian, M|item
|poke|p1|Keldeo|item
|poke|p2|Mamoswine, F|item
|poke|p2|Landorus-Therian, M|item
|poke|p2|Heatran, F|item
|poke|p2|Tyranitar, F|item
|poke|p2|Latios, M|item
|poke|p2|Ferrothorn, F|item
|teampreview
|inactive|possibilities also wants the timer to be on.
|inactive|El Rey Del Sur also wants the timer to be on.
|
|t:|1643947029
|start
|switch|p1a: Politoed|Politoed, M|100/100
|switch|p2a: Landorus|Landorus-Therian, M|100/100
|-ability|p2a: Landorus|Intimidate|boost
|-unboost|p1a: Politoed|atk|1
|-weather|RainDance|[from] ability: Drizzle|[of] p1a: Politoed
|turn|1
|
|t:|1643947032
|move|p2a: Landorus|U-turn|p1a: Politoed
|-damage|p1a: Politoed|76/100
|
|t:|1643947034
|switch|p2a: Ferrothorn|Ferrothorn, F|100/100|[from]move: U-turn
|move|p1a: Politoed|Scald|p2a: Ferrothorn
|-resisted|p2a: Ferrothorn
|-damage|p2a: Ferrothorn|88/100
|-status|p2a: Ferrothorn|brn
|
|-weather|RainDance|[upkeep]
|-heal|p1a: Politoed|82/100|[from] item: Leftovers
|-heal|p2a: Ferrothorn|94/100 brn|[from] item: Leftovers
|-damage|p2a: Ferrothorn|81/100 brn|[from] brn
|upkeep
|turn|2
|
|t:|1643947040
|switch|p1a: Ferrothorn|Ferrothorn, M|100/100
|switch|p2a: Tyranitar|Tyranitar, F|100/100
|-weather|Sandstorm|[from] ability: Sand Stream|[of] p2a: Tyranitar
|
|-weather|Sandstorm|[upkeep]
|upkeep
|turn|3
|j| SaltedBagel
|
|t:|1643947043
|move|p2a: Tyranitar|Stealth Rock|p1a: Ferrothorn
|-sidestart|p1: possibilities|move: Stealth Rock
|move|p1a: Ferrothorn|Power Whip|p2a: Tyranitar
|-supereffective|p2a: Tyranitar
|-damage|p2a: Tyranitar|40/100
|
|-weather|Sandstorm|[upkeep]
|upkeep
|turn|4
|
|t:|1643947045
|switch|p2a: Heatran|Heatran, F|100/100
|-item|p2a: Heatran|Air Balloon
|move|p1a: Ferrothorn|Power Whip|p2a: Heatran
|-resisted|p2a: Heatran
|-damage|p2a: Heatran|92/100
|-enditem|p2a: Heatran|Air Balloon
|
|-weather|Sandstorm|[upkeep]
|upkeep
|turn|5
|
|t:|1643947049
|switch|p1a: Politoed|Politoed, M|82/100
|-damage|p1a: Politoed|70/100|[from] Stealth Rock
|-weather|RainDance|[from] ability: Drizzle|[of] p1a: Politoed
|move|p2a: Heatran|Magma Storm|p1a: Politoed
|-resisted|p1a: Politoed
|-damage|p1a: Politoed|55/100
|-activate|p1a: Politoed|move: Magma Storm|[of] p2a: Heatran
|
|-weather|RainDance|[upkeep]
|-heal|p1a: Politoed|61/100|[from] item: Leftovers
|-damage|p1a: Politoed|55/100|[from] move: Magma Storm|[partiallytrapped]
|upkeep
|turn|6
|
|t:|1643947052
|move|p2a: Heatran|Protect|p2a: Heatran
|-singleturn|p2a: Heatran|Protect
|move|p1a: Politoed|Scald|p2a: Heatran
|-activate|p2a: Heatran|move: Protect
|
|-weather|RainDance|[upkeep]
|-heal|p1a: Politoed|61/100|[from] item: Leftovers
|-damage|p1a: Politoed|55/100|[from] move: Magma Storm|[partiallytrapped]
|upkeep
|turn|7
|j| supa stikers
|l| SaltedBagel
|
|t:|1643947057
|switch|p2a: Ferrothorn|Ferrothorn, F|81/100 brn
|move|p1a: Politoed|Encore||[still]
|-fail|p1a: Politoed
|
|-weather|RainDance|[upkeep]
|-heal|p1a: Politoed|61/100|[from] item: Leftovers
|-heal|p2a: Ferrothorn|88/100 brn|[from] item: Leftovers
|-damage|p2a: Ferrothorn|75/100 brn|[from] brn
|upkeep
|turn|8
|
|t:|1643947062
|move|p1a: Politoed|Protect|p1a: Politoed
|-singleturn|p1a: Politoed|Protect
|move|p2a: Ferrothorn|Spikes|p1a: Politoed
|-sidestart|p1: possibilities|Spikes
|
|-weather|RainDance|[upkeep]
|-heal|p1a: Politoed|67/100|[from] item: Leftovers
|-heal|p2a: Ferrothorn|81/100 brn|[from] item: Leftovers
|-damage|p2a: Ferrothorn|69/100 brn|[from] brn
|upkeep
|turn|9
|
|t:|1643947068
|switch|p2a: Landorus|Landorus-Therian, M|100/100
|-ability|p2a: Landorus|Intimidate|boost
|-unboost|p1a: Politoed|atk|1
|move|p1a: Politoed|Encore||[still]
|-fail|p1a: Politoed
|
|-weather|RainDance|[upkeep]
|-heal|p1a: Politoed|73/100|[from] item: Leftovers
|upkeep
|turn|10
|
|t:|1643947073
|move|p2a: Landorus|U-turn|p1a: Politoed
|-damage|p1a: Politoed|50/100
|
|t:|1643947078
|switch|p2a: Latios|Latios, M|100/100|[from]move: U-turn
|move|p1a: Politoed|Scald|p2a: Latios
|-resisted|p2a: Latios
|-damage|p2a: Latios|81/100
|
|-weather|RainDance|[upkeep]
|-heal|p1a: Politoed|56/100|[from] item: Leftovers
|upkeep
|turn|11
|
|t:|1643947085
|move|p2a: Latios|Draco Meteor|p1a: Politoed
|-damage|p1a: Politoed|0 fnt
|-unboost|p2a: Latios|spa|2
|faint|p1a: Politoed
|
|-weather|RainDance|[upkeep]
|upkeep
|
|t:|1643947087
|switch|p1a: Tentacruel|Tentacruel, M|100/100
|-damage|p1a: Tentacruel|88/100|[from] Stealth Rock
|-damage|p1a: Tentacruel|76/100|[from] Spikes
|turn|12
|
|t:|1643947091
|switch|p2a: Tyranitar|Tyranitar, F|40/100
|-weather|Sandstorm|[from] ability: Sand Stream|[of] p2a: Tyranitar
|move|p1a: Tentacruel|Rapid Spin|p2a: Tyranitar
|-resisted|p2a: Tyranitar
|-damage|p2a: Tyranitar|39/100
|-sideend|p1: possibilities|Spikes|[from] move: Rapid Spin|[of] p1a: Tentacruel
|-sideend|p1: possibilities|Stealth Rock|[from] move: Rapid Spin|[of] p1a: Tentacruel
|
|-weather|Sandstorm|[upkeep]
|-damage|p1a: Tentacruel|70/100|[from] Sandstorm
|-heal|p1a: Tentacruel|76/100|[from] item: Black Sludge
|upkeep
|turn|13
|j| reymaki
|
|t:|1643947095
|move|p1a: Tentacruel|Scald|p2a: Tyranitar
|-supereffective|p2a: Tyranitar
|-damage|p2a: Tyranitar|20/100
|move|p2a: Tyranitar|Stealth Rock|p1a: Tentacruel
|-sidestart|p1: possibilities|move: Stealth Rock
|
|-weather|Sandstorm|[upkeep]
|-damage|p1a: Tentacruel|70/100|[from] Sandstorm
|-heal|p1a: Tentacruel|76/100|[from] item: Black Sludge
|upkeep
|turn|14
|
|t:|1643947100
|move|p1a: Tentacruel|Scald|p2a: Tyranitar
|-supereffective|p2a: Tyranitar
|-damage|p2a: Tyranitar|2/100
|move|p2a: Tyranitar|Crunch|p1a: Tentacruel
|-crit|p1a: Tentacruel
|-damage|p1a: Tentacruel|0 fnt
|faint|p1a: Tentacruel
|
|-weather|Sandstorm|[upkeep]
|upkeep
|
|t:|1643947111
|switch|p1a: Ferrothorn|Ferrothorn, M|100/100
|-damage|p1a: Ferrothorn|95/100|[from] Stealth Rock
|turn|15
|
|t:|1643947113
|move|p2a: Tyranitar|Superpower|p1a: Ferrothorn
|-supereffective|p1a: Ferrothorn
|-damage|p1a: Ferrothorn|43/100
|-unboost|p2a: Tyranitar|atk|1
|-unboost|p2a: Tyranitar|def|1
|-damage|p2a: Tyranitar|0 fnt|[from] ability: Iron Barbs|[of] p1a: Ferrothorn
|faint|p2a: Tyranitar
|move|p1a: Ferrothorn|Knock Off|p2: Tyranitar|[notarget]
|-fail|p1a: Ferrothorn
|
|-weather|Sandstorm|[upkeep]
|-heal|p1a: Ferrothorn|49/100|[from] item: Leftovers
|upkeep
|
|t:|1643947117
|switch|p2a: Heatran|Heatran, F|92/100
|turn|16
|
|t:|1643947119
|move|p2a: Heatran|Magma Storm|p1a: Ferrothorn
|-supereffective|p1a: Ferrothorn
|-damage|p1a: Ferrothorn|0 fnt
|faint|p1a: Ferrothorn
|
|-weather|Sandstorm|[upkeep]
|upkeep
|
|t:|1643947123
|switch|p1a: Keldeo|Keldeo|100/100
|-damage|p1a: Keldeo|94/100|[from] Stealth Rock
|turn|17
|
|t:|1643947125
|move|p2a: Heatran|Protect|p2a: Heatran
|-singleturn|p2a: Heatran|Protect
|move|p1a: Keldeo|Hydro Pump|p2a: Heatran
|-activate|p2a: Heatran|move: Protect
|
|-weather|Sandstorm|[upkeep]
|-damage|p1a: Keldeo|88/100|[from] Sandstorm
|upkeep
|turn|18
|
|t:|1643947131
|switch|p1a: Thundurus|Thundurus-Therian, M|100/100
|-damage|p1a: Thundurus|76/100|[from] Stealth Rock
|switch|p2a: Ferrothorn|Ferrothorn, F|69/100 brn
|
|-weather|Sandstorm|[upkeep]
|-damage|p1a: Thundurus|70/100|[from] Sandstorm
|-heal|p1a: Thundurus|76/100|[from] item: Leftovers
|-heal|p2a: Ferrothorn|75/100 brn|[from] item: Leftovers
|-damage|p2a: Ferrothorn|63/100 brn|[from] brn
|upkeep
|turn|19
|
|t:|1643947134
|move|p1a: Thundurus|Agility|p1a: Thundurus
|-boost|p1a: Thundurus|spe|2
|move|p2a: Ferrothorn|Gravity|p2a: Ferrothorn
|-fieldstart|move: Gravity
|
|-weather|Sandstorm|[upkeep]
|-damage|p1a: Thundurus|70/100|[from] Sandstorm
|-heal|p1a: Thundurus|76/100|[from] item: Leftovers
|-heal|p2a: Ferrothorn|69/100 brn|[from] item: Leftovers
|-damage|p2a: Ferrothorn|56/100 brn|[from] brn
|upkeep
|turn|20
|
|t:|1643947136
|move|p1a: Thundurus|Focus Blast|p2a: Ferrothorn
|-supereffective|p2a: Ferrothorn
|-damage|p2a: Ferrothorn|0 fnt
|faint|p2a: Ferrothorn
|
|-weather|Sandstorm|[upkeep]
|-damage|p1a: Thundurus|70/100|[from] Sandstorm
|-heal|p1a: Thundurus|76/100|[from] item: Leftovers
|upkeep
|
|t:|1643947140
|switch|p2a: Latios|Latios, M|81/100
|turn|21
|
|t:|1643947145
|move|p1a: Thundurus|Hidden Power|p2a: Latios
|-supereffective|p2a: Latios
|-damage|p2a: Latios|16/100
|move|p2a: Latios|Trick|p1a: Thundurus
|-activate|p2a: Latios|move: Trick|[of] p1a: Thundurus
|-item|p1a: Thundurus|Choice Scarf|[from] move: Trick
|-item|p2a: Latios|Leftovers|[from] move: Trick
|
|-weather|Sandstorm|[upkeep]
|-damage|p1a: Thundurus|70/100|[from] Sandstorm
|-damage|p2a: Latios|10/100|[from] Sandstorm
|-heal|p2a: Latios|16/100|[from] item: Leftovers
|upkeep
|turn|22
|j| ibbysonlyfan
|
|t:|1643947157
|switch|p2a: Heatran|Heatran, F|92/100
|move|p1a: Thundurus|Hidden Power|p2a: Heatran
|-resisted|p2a: Heatran
|-damage|p2a: Heatran|84/100
|
|-weather|Sandstorm|[upkeep]
|-damage|p1a: Thundurus|64/100|[from] Sandstorm
|upkeep
|turn|23
|
|t:|1643947161
|switch|p1a: Keldeo|Keldeo|88/100
|-damage|p1a: Keldeo|82/100|[from] Stealth Rock
|move|p2a: Heatran|Magma Storm|p1a: Keldeo
|-resisted|p1a: Keldeo
|-crit|p1a: Keldeo
|-damage|p1a: Keldeo|8/100
|-activate|p1a: Keldeo|move: Magma Storm|[of] p2a: Heatran
|
|-weather|Sandstorm|[upkeep]
|-damage|p1a: Keldeo|2/100|[from] Sandstorm
|-damage|p1a: Keldeo|0 fnt|[from] move: Magma Storm|[partiallytrapped]
|faint|p1a: Keldeo
|-fieldend|move: Gravity
|upkeep
|
|t:|1643947163
|switch|p1a: Thundurus|Thundurus-Therian, M|64/100
|-damage|p1a: Thundurus|39/100|[from] Stealth Rock
|turn|24
|
|t:|1643947166
|move|p2a: Heatran|Protect|p2a: Heatran
|-singleturn|p2a: Heatran|Protect
|move|p1a: Thundurus|Focus Blast|p2a: Heatran
|-activate|p2a: Heatran|move: Protect
|
|-weather|Sandstorm|[upkeep]
|-damage|p1a: Thundurus|33/100|[from] Sandstorm
|upkeep
|turn|25
|
|t:|1643947170
|switch|p2a: Landorus|Landorus-Therian, M|100/100
|-ability|p2a: Landorus|Intimidate|boost
|-unboost|p1a: Thundurus|atk|1
|move|p1a: Thundurus|Focus Blast|p2a: Landorus|[miss]
|-miss|p1a: Thundurus|p2a: Landorus
|
|-weather|Sandstorm|[upkeep]
|-damage|p1a: Thundurus|27/100|[from] Sandstorm
|upkeep
|turn|26
|
|t:|1643947176
|switch|p1a: Celebi|Celebi|100/100
|-damage|p1a: Celebi|88/100|[from] Stealth Rock
|move|p2a: Landorus|U-turn|p1a: Celebi
|-supereffective|p1a: Celebi
|-crit|p1a: Celebi
|-damage|p1a: Celebi|0 fnt
|faint|p1a: Celebi
|
|t:|1643947178
|switch|p2a: Heatran|Heatran, F|84/100|[from]move: U-turn
|
|-weather|Sandstorm|[upkeep]
|upkeep
|
|t:|1643947186
|switch|p1a: Thundurus|Thundurus-Therian, M|27/100
|-damage|p1a: Thundurus|2/100|[from] Stealth Rock
|turn|27
|
|t:|1643947191
|move|p2a: Heatran|Protect|p2a: Heatran
|-singleturn|p2a: Heatran|Protect
|move|p1a: Thundurus|Hidden Power|p2a: Heatran
|-activate|p2a: Heatran|move: Protect
|
|-weather|Sandstorm|[upkeep]
|-damage|p1a: Thundurus|0 fnt|[from] Sandstorm
|faint|p1a: Thundurus
|
|win|El Rey Del Sur
|upkeep
|n|☆possibilities|possibilities
|n|☆El Rey Del Sur|elreydelsur
|n| supa stikers|supastikers
|n| reymaki|reymaki
|n| ibbysonlyfan|ibbysonlyfan
|l|☆possibilities
|l|☆El Rey Del Sur
|l| supa stikers
