|j|☆tank skunk
|j|☆wxnglessangel
|t:|1642368369
|gametype|singles
|player|p1|tank skunk|pokefan|1158
|player|p2|wxnglessangel|dahlia|1115
|teamsize|p1|6
|teamsize|p2|6
|gen|5
|tier|[Gen 5] NU
|rated|
|rule|Species Clause: Limit one of each Pokémon
|rule|OHKO Clause: OHKO moves are banned
|rule|Moody Clause: Moody is banned
|rule|Evasion Moves Clause: Evasion moves are banned
|rule|Endless Battle Clause: Forcing endless battles is banned
|rule|HP Percentage Mod: HP is shown in percentages
|rule|Evasion Abilities Clause: Evasion abilities are banned
|rule|Swagger Clause: Swagger is banned
|rule|Baton Pass Clause: Limit one Baton Passer, can't pass Spe and other stats simultaneously
|rule|Sleep Clause Mod: Limit one foe put to sleep
|clearpoke
|poke|p1|Lunatone|item
|poke|p1|Scraggy, M|item
|poke|p1|Electabuzz, M|item
|poke|p1|Golbat, F|item
|poke|p1|Rapidash, F|item
|poke|p1|Ludicolo, M|item
|poke|p2|Eelektross, F|item
|poke|p2|Primeape, F|item
|poke|p2|Regirock|item
|poke|p2|Alomomola, F|item
|poke|p2|Roselia, F|item
|poke|p2|Natu, F|item
|teampreview
|inactive|Battle timer is ON: inactive players will automatically lose when time's up. (requested by tank skunk)
|
|t:|1642368384
|start
|switch|p1a: Ludacris|Ludicolo, M, shiny|100/100
|switch|p2a: madame hagfish|Eelektross, F, shiny|100/100
|turn|1
|
|t:|1642368398
|move|p2a: madame hagfish|U-turn|p1a: Ludacris
|-supereffective|p1a: Ludacris
|-damage|p1a: Ludacris|56/100
|
|t:|1642368402
|switch|p2a: monkella|Primeape, F, shiny|100/100|[from]move: U-turn
|move|p1a: Ludacris|Leech Seed|p2a: monkella
|-start|p2a: monkella|move: Leech Seed
|
|-heal|p1a: Ludacris|62/100|[from] item: Leftovers
|-damage|p2a: monkella|88/100|[from] Leech Seed|[of] p1a: Ludacris
|-heal|p1a: Ludacris|71/100|[silent]
|upkeep
|turn|2
|
|t:|1642368415
|switch|p1a: Big Mouth|Golbat, F, shiny|100/100
|move|p2a: monkella|U-turn|p1a: Big Mouth
|-resisted|p1a: Big Mouth
|-damage|p1a: Big Mouth|97/100
|
|t:|1642368424
|switch|p2a: dahlia|Roselia, F, shiny|100/100|[from]move: U-turn
|
|upkeep
|turn|3
|
|t:|1642368435
|switch|p2a: madame hagfish|Eelektross, F, shiny|100/100
|move|p1a: Big Mouth|Taunt|p2a: madame hagfish
|-start|p2a: madame hagfish|move: Taunt
|
|upkeep
|turn|4
|
|t:|1642368443
|switch|p1a: Aldrin|Electabuzz, M|100/100
|move|p2a: madame hagfish|Thunderbolt|p1a: Aldrin
|-resisted|p1a: Aldrin
|-damage|p1a: Aldrin|81/100
|
|upkeep
|turn|5
|
|t:|1642368450
|move|p1a: Aldrin|Focus Blast|p2a: madame hagfish|[miss]
|-miss|p1a: Aldrin|p2a: madame hagfish
|move|p2a: madame hagfish|Thunderbolt|p1a: Aldrin
|-resisted|p1a: Aldrin
|-damage|p1a: Aldrin|59/100
|
|-end|p2a: madame hagfish|move: Taunt
|upkeep
|turn|6
|
|t:|1642368461
|switch|p2a: dia|Natu, F, shiny|100/100
|move|p1a: Aldrin|Volt Switch|p2a: dia
|-supereffective|p2a: dia
|-damage|p2a: dia|43/100
|
|t:|1642368474
|switch|p1a: Rarity|Rapidash, F, shiny|100/100|[from]move: Volt Switch
|
|upkeep
|turn|7
|
|t:|1642368480
|switch|p2a: marble|Regirock, shiny|100/100
|move|p1a: Rarity|Wild Charge|p2a: marble
|-damage|p2a: marble|85/100
|-damage|p1a: Rarity|95/100|[from] Recoil
|-damage|p1a: Rarity|86/100|[from] item: Life Orb
|
|-heal|p2a: marble|91/100|[from] item: Leftovers
|upkeep
|turn|8
|
|t:|1642368498
|switch|p1a: Ultra Moon|Lunatone|100/100
|move|p2a: marble|Stealth Rock|p1a: Ultra Moon
|-sidestart|p1: tank skunk|move: Stealth Rock
|
|-heal|p2a: marble|97/100|[from] item: Leftovers
|upkeep
|turn|9
|
|t:|1642368506
|switch|p2a: dia|Natu, F, shiny|43/100
|move|p1a: Ultra Moon|Stealth Rock|p2a: dia
|move|p2a: dia|Stealth Rock||[from]ability: Magic Bounce|[still]
|-fail|p2a: dia
|
|upkeep
|turn|10
|
|t:|1642368515
|move|p1a: Ultra Moon|Hidden Power|p2a: dia
|-supereffective|p2a: dia
|-damage|p2a: dia|0 fnt
|faint|p2a: dia
|
|upkeep
|
|t:|1642368521
|switch|p2a: dahlia|Roselia, F, shiny|100/100
|turn|11
|
|t:|1642368525
|move|p1a: Ultra Moon|Psychic|p2a: dahlia
|-supereffective|p2a: dahlia
|-damage|p2a: dahlia|47/100
|move|p2a: dahlia|Giga Drain|p1a: Ultra Moon
|-supereffective|p1a: Ultra Moon
|-damage|p1a: Ultra Moon|42/100
|-heal|p2a: dahlia|79/100|[from] drain|[of] p1a: Ultra Moon
|
|-heal|p1a: Ultra Moon|48/100|[from] item: Leftovers
|upkeep
|turn|12
|
|t:|1642368535
|move|p1a: Ultra Moon|Stealth Rock|p2a: dahlia
|-sidestart|p2: wxnglessangel|move: Stealth Rock
|move|p2a: dahlia|Giga Drain|p1a: Ultra Moon
|-supereffective|p1a: Ultra Moon
|-damage|p1a: Ultra Moon|0 fnt
|-heal|p2a: dahlia|100/100|[from] drain|[of] p1a: Ultra Moon
|faint|p1a: Ultra Moon
|
|upkeep
|
|t:|1642368538
|switch|p1a: Big Mouth|Golbat, F, shiny|97/100
|-damage|p1a: Big Mouth|72/100|[from] Stealth Rock
|turn|13
|
|t:|1642368555
|move|p1a: Big Mouth|Taunt|p2a: dahlia
|-start|p2a: dahlia|move: Taunt
|cant|p2a: dahlia|move: Taunt|Spikes
|
|upkeep
|turn|14
|
|t:|1642368573
|switch|p2a: madame hagfish|Eelektross, F, shiny|100/100
|-damage|p2a: madame hagfish|88/100|[from] Stealth Rock
|move|p1a: Big Mouth|Toxic|p2a: madame hagfish
|-status|p2a: madame hagfish|tox
|
|-damage|p2a: madame hagfish|82/100 tox|[from] psn
|upkeep
|turn|15
|
|t:|1642368582
|switch|p1a: Aldrin|Electabuzz, M|59/100
|-damage|p1a: Aldrin|47/100|[from] Stealth Rock
|move|p2a: madame hagfish|Thunderbolt|p1a: Aldrin
|-resisted|p1a: Aldrin
|-damage|p1a: Aldrin|27/100
|
|-damage|p2a: madame hagfish|70/100 tox|[from] psn
|upkeep
|turn|16
|
|t:|1642368592
|switch|p2a: dahlia|Roselia, F, shiny|100/100
|-damage|p2a: dahlia|88/100|[from] Stealth Rock
|move|p1a: Aldrin|Focus Blast|p2a: dahlia
|-resisted|p2a: dahlia
|-damage|p2a: dahlia|78/100
|
|upkeep
|turn|17
|
|t:|1642368601
|move|p1a: Aldrin|Volt Switch|p2a: dahlia
|-resisted|p2a: dahlia
|-damage|p2a: dahlia|68/100
|
|t:|1642368616
|switch|p1a: Rarity|Rapidash, F, shiny|86/100|[from]move: Volt Switch
|-damage|p1a: Rarity|61/100|[from] Stealth Rock
|move|p2a: dahlia|Aromatherapy|p2a: dahlia
|-activate|p2a: dahlia|move: Aromatherapy
|-curestatus|p2: madame hagfish|tox|[msg]
|
|upkeep
|turn|18
|
|t:|1642368626
|switch|p2a: marble|Regirock, shiny|97/100
|-damage|p2a: marble|85/100|[from] Stealth Rock
|move|p1a: Rarity|Morning Sun|p1a: Rarity
|-heal|p1a: Rarity|100/100
|
|-heal|p2a: marble|91/100|[from] item: Leftovers
|upkeep
|turn|19
|
|t:|1642368636
|switch|p1a: Ludacris|Ludicolo, M, shiny|71/100
|-damage|p1a: Ludacris|59/100|[from] Stealth Rock
|move|p2a: marble|Rock Slide|p1a: Ludacris
|-damage|p1a: Ludacris|25/100
|
|-heal|p1a: Ludacris|31/100|[from] item: Leftovers
|-heal|p2a: marble|97/100|[from] item: Leftovers
|upkeep
|turn|20
|
|t:|1642368647
|switch|p2a: dahlia|Roselia, F, shiny|68/100
|-damage|p2a: dahlia|56/100|[from] Stealth Rock
|move|p1a: Ludacris|Synthesis|p1a: Ludacris
|-heal|p1a: Ludacris|81/100
|
|-heal|p1a: Ludacris|87/100|[from] item: Leftovers
|upkeep
|turn|21
|
|t:|1642368656
|switch|p1a: Rarity|Rapidash, F, shiny|100/100
|-damage|p1a: Rarity|76/100|[from] Stealth Rock
|move|p2a: dahlia|Giga Drain|p1a: Rarity
|-resisted|p1a: Rarity
|-damage|p1a: Rarity|54/100
|-heal|p2a: dahlia|65/100|[from] drain|[of] p1a: Rarity
|
|upkeep
|turn|22
|
|t:|1642368665
|switch|p2a: mola mama|Alomomola, F, shiny|100/100
|-damage|p2a: mola mama|88/100|[from] Stealth Rock
|move|p1a: Rarity|Morning Sun|p1a: Rarity
|-heal|p1a: Rarity|100/100
|
|-heal|p2a: mola mama|94/100|[from] item: Leftovers
|upkeep
|turn|23
|
|t:|1642368676
|move|p1a: Rarity|Wild Charge|p2a: mola mama
|-supereffective|p2a: mola mama
|-damage|p2a: mola mama|56/100
|-damage|p1a: Rarity|82/100|[from] Recoil
|-damage|p1a: Rarity|72/100|[from] item: Life Orb
|move|p2a: mola mama|Toxic|p1a: Rarity
|-status|p1a: Rarity|tox
|
|-heal|p2a: mola mama|62/100|[from] item: Leftovers
|-damage|p1a: Rarity|66/100 tox|[from] psn
|upkeep
|turn|24
|
|t:|1642368688
|switch|p1a: Aldrin|Electabuzz, M|27/100
|-damage|p1a: Aldrin|15/100|[from] Stealth Rock
|move|p2a: mola mama|Protect||[still]
|-fail|p2a: mola mama
|
|-heal|p2a: mola mama|69/100|[from] item: Leftovers
|upkeep
|turn|25
|
|t:|1642368706
|switch|p2a: dahlia|Roselia, F, shiny|65/100
|-damage|p2a: dahlia|53/100|[from] Stealth Rock
|move|p1a: Aldrin|Volt Switch|p2a: dahlia
|-resisted|p2a: dahlia
|-damage|p2a: dahlia|44/100
|
|t:|1642368712
|switch|p1a: Big Mouth|Golbat, F, shiny|72/100|[from]move: Volt Switch
|-damage|p1a: Big Mouth|48/100|[from] Stealth Rock
|
|upkeep
|turn|26
|
|t:|1642368719
|switch|p2a: madame hagfish|Eelektross, F, shiny|70/100
|-damage|p2a: madame hagfish|58/100|[from] Stealth Rock
|move|p1a: Big Mouth|Roost|p1a: Big Mouth
|-heal|p1a: Big Mouth|98/100
|-singleturn|p1a: Big Mouth|move: Roost
|
|upkeep
|turn|27
|
|t:|1642368729
|switch|p1a: Ludacris|Ludicolo, M, shiny|87/100
|-damage|p1a: Ludacris|74/100|[from] Stealth Rock
|move|p2a: madame hagfish|Thunderbolt|p1a: Ludacris
|-damage|p1a: Ludacris|43/100
|
|-heal|p1a: Ludacris|49/100|[from] item: Leftovers
|upkeep
|turn|28
|
|t:|1642368740
|move|p2a: madame hagfish|Thunderbolt|p1a: Ludacris
|-damage|p1a: Ludacris|16/100
|-status|p1a: Ludacris|par
|move|p1a: Ludacris|Synthesis|p1a: Ludacris
|-heal|p1a: Ludacris|66/100 par
|
|-heal|p1a: Ludacris|72/100 par|[from] item: Leftovers
|upkeep
|turn|29
|
|t:|1642368750
|switch|p2a: dahlia|Roselia, F, shiny|44/100
|-damage|p2a: dahlia|31/100|[from] Stealth Rock
|move|p1a: Ludacris|Leech Seed|p2a: dahlia
|-immune|p2a: dahlia
|
|-heal|p1a: Ludacris|78/100 par|[from] item: Leftovers
|upkeep
|turn|30
|
|t:|1642368760
|switch|p1a: Rarity|Rapidash, F, shiny|66/100 tox
|-damage|p1a: Rarity|41/100 tox|[from] Stealth Rock
|move|p2a: dahlia|Giga Drain|p1a: Rarity
|-resisted|p1a: Rarity
|-damage|p1a: Rarity|20/100 tox
|-heal|p2a: dahlia|41/100|[from] drain|[of] p1a: Rarity
|
|-damage|p1a: Rarity|14/100 tox|[from] psn
|upkeep
|turn|31
|
|t:|1642368770
|move|p1a: Rarity|Morning Sun|p1a: Rarity
|-heal|p1a: Rarity|64/100 tox
|move|p2a: dahlia|Giga Drain|p1a: Rarity
|-resisted|p1a: Rarity
|-damage|p1a: Rarity|44/100 tox
|-heal|p2a: dahlia|50/100|[from] drain|[of] p1a: Rarity
|
|-damage|p1a: Rarity|32/100 tox|[from] psn
|upkeep
|turn|32
|
|t:|1642368780
|move|p1a: Rarity|Flare Blitz|p2a: dahlia
|-supereffective|p2a: dahlia
|-damage|p2a: dahlia|0 fnt
|faint|p2a: dahlia
|-damage|p1a: Rarity|14/100 tox|[from] Recoil
|-damage|p1a: Rarity|4/100 tox|[from] item: Life Orb
|
|-damage|p1a: Rarity|0 fnt|[from] psn
|faint|p1a: Rarity
|upkeep
|
|t:|1642368794
|switch|p1a: Aldrin|Electabuzz, M|15/100
|switch|p2a: monkella|Primeape, F, shiny|88/100
|-damage|p2a: monkella|82/100|[from] Stealth Rock
|-damage|p1a: Aldrin|3/100|[from] Stealth Rock
|turn|33
|
|t:|1642368801
|move|p2a: monkella|U-turn|p1a: Aldrin
|-damage|p1a: Aldrin|0 fnt
|faint|p1a: Aldrin
|
|t:|1642368807
|switch|p2a: madame hagfish|Eelektross, F, shiny|58/100|[from]move: U-turn
|-damage|p2a: madame hagfish|46/100|[from] Stealth Rock
|
|upkeep
|
|t:|1642368822
|switch|p1a: Ludacris|Ludicolo, M, shiny|78/100 par
|-damage|p1a: Ludacris|66/100 par|[from] Stealth Rock
|turn|34
|
|t:|1642368829
|move|p2a: madame hagfish|U-turn|p1a: Ludacris
|-supereffective|p1a: Ludacris
|-damage|p1a: Ludacris|27/100 par
|
|t:|1642368833
|switch|p2a: monkella|Primeape, F, shiny|82/100|[from]move: U-turn
|-damage|p2a: monkella|77/100|[from] Stealth Rock
|move|p1a: Ludacris|Synthesis|p1a: Ludacris
|-heal|p1a: Ludacris|77/100 par
|
|-heal|p1a: Ludacris|83/100 par|[from] item: Leftovers
|upkeep
|turn|35
|
|t:|1642368843
|switch|p1a: Big Mouth|Golbat, F, shiny|98/100
|-damage|p1a: Big Mouth|73/100|[from] Stealth Rock
|move|p2a: monkella|Close Combat|p1a: Big Mouth
|-resisted|p1a: Big Mouth
|-damage|p1a: Big Mouth|64/100
|-unboost|p2a: monkella|def|1
|-unboost|p2a: monkella|spd|1
|
|upkeep
|turn|36
|
|t:|1642368853
|switch|p2a: marble|Regirock, shiny|97/100
|-damage|p2a: marble|85/100|[from] Stealth Rock
|move|p1a: Big Mouth|Toxic|p2a: marble
|-status|p2a: marble|tox
|
|-heal|p2a: marble|91/100 tox|[from] item: Leftovers
|-damage|p2a: marble|85/100 tox|[from] psn
|upkeep
|turn|37
|
|t:|1642368864
|move|p1a: Big Mouth|Roost|p1a: Big Mouth
|-heal|p1a: Big Mouth|100/100
|-singleturn|p1a: Big Mouth|move: Roost
|move|p2a: marble|Rock Slide|p1a: Big Mouth
|-damage|p1a: Big Mouth|86/100
|
|-heal|p2a: marble|91/100 tox|[from] item: Leftovers
|-damage|p2a: marble|79/100 tox|[from] psn
|upkeep
|turn|38
|
|t:|1642368875
|switch|p1a: PantGround|Scraggy, M, shiny|100/100
|-damage|p1a: PantGround|94/100|[from] Stealth Rock
|move|p2a: marble|Rock Slide|p1a: PantGround
|-resisted|p1a: PantGround
|-damage|p1a: PantGround|77/100
|
|-heal|p2a: marble|85/100 tox|[from] item: Leftovers
|-damage|p2a: marble|66/100 tox|[from] psn
|upkeep
|turn|39
|
|t:|1642368887
|move|p1a: PantGround|Drain Punch|p2a: marble
|-supereffective|p2a: marble
|-damage|p2a: marble|43/100 tox
|-heal|p1a: PantGround|95/100|[from] drain|[of] p2a: marble
|move|p2a: marble|Toxic|p1a: PantGround
|-status|p1a: PantGround|tox
|
|-heal|p2a: marble|49/100 tox|[from] item: Leftovers
|-damage|p1a: PantGround|89/100 tox|[from] psn
|-damage|p2a: marble|25/100 tox|[from] psn
|upkeep
|turn|40
|
|t:|1642368904
|move|p1a: PantGround|Drain Punch|p2a: marble
|-supereffective|p2a: marble
|-damage|p2a: marble|0 fnt
|-heal|p1a: PantGround|100/100 tox|[from] drain|[of] p2a: marble
|faint|p2a: marble
|
|-activate|p1a: PantGround|ability: Shed Skin
|-curestatus|p1a: PantGround|tox|[msg]
|upkeep
|
|t:|1642368914
|switch|p2a: monkella|Primeape, F, shiny|77/100
|-damage|p2a: monkella|71/100|[from] Stealth Rock
|turn|41
|
|t:|1642368918
|switch|p1a: Big Mouth|Golbat, F, shiny|86/100
|-damage|p1a: Big Mouth|61/100|[from] Stealth Rock
|move|p2a: monkella|U-turn|p1a: Big Mouth
|-resisted|p1a: Big Mouth
|-damage|p1a: Big Mouth|58/100
|
|t:|1642368926
|switch|p2a: madame hagfish|Eelektross, F, shiny|46/100|[from]move: U-turn
|-damage|p2a: madame hagfish|33/100|[from] Stealth Rock
|
|upkeep
|turn|42
|
|t:|1642368937
|move|p2a: madame hagfish|Thunderbolt|p1a: Big Mouth
|-supereffective|p1a: Big Mouth
|-damage|p1a: Big Mouth|0 fnt
|faint|p1a: Big Mouth
|
|upkeep
|
|t:|1642368948
|switch|p1a: Ludacris|Ludicolo, M, shiny|83/100 par
|-damage|p1a: Ludacris|71/100 par|[from] Stealth Rock
|turn|43
|
|t:|1642368953
|move|p2a: madame hagfish|Thunderbolt|p1a: Ludacris
|-damage|p1a: Ludacris|42/100 par
|move|p1a: Ludacris|Giga Drain|p2a: madame hagfish
|-damage|p2a: madame hagfish|0 fnt
|-heal|p1a: Ludacris|56/100 par|[from] drain|[of] p2a: madame hagfish
|faint|p2a: madame hagfish
|
|-heal|p1a: Ludacris|62/100 par|[from] item: Leftovers
|upkeep
|
|t:|1642368964
|switch|p2a: monkella|Primeape, F, shiny|71/100
|-damage|p2a: monkella|65/100|[from] Stealth Rock
|turn|44
|
|t:|1642368969
|move|p2a: monkella|Close Combat|p1a: Ludacris
|-damage|p1a: Ludacris|0 fnt
|-unboost|p2a: monkella|def|1
|-unboost|p2a: monkella|spd|1
|faint|p1a: Ludacris
|
|upkeep
|
|t:|1642368973
|switch|p1a: PantGround|Scraggy, M, shiny|100/100
|-damage|p1a: PantGround|94/100|[from] Stealth Rock
|turn|45
|
|t:|1642368979
|move|p2a: monkella|Close Combat|p1a: PantGround
|-supereffective|p1a: PantGround
|-damage|p1a: PantGround|0 fnt
|-unboost|p2a: monkella|def|1
|-unboost|p2a: monkella|spd|1
|faint|p1a: PantGround
|
|win|wxnglessangel
|raw|tank skunk's rating: 1158 &rarr; <strong>1130</strong><br />(-28 for losing)
|raw|wxnglessangel's rating: 1115 &rarr; <strong>1143</strong><br />(+28 for winning)
|l|☆wxnglessangel
