|j|☆Jeran 重力
|j|☆crystal vince
|t:|1633279906
|gametype|singles
|player|p1|Jeran 重力|argenta|
|player|p2|crystal vince|byron|
|teamsize|p1|6
|teamsize|p2|6
|gen|5
|tier|[Gen 5] NU
|rule|Species Clause: Limit one of each Pokémon
|rule|OHKO Clause: OHKO moves are banned
|rule|Moody Clause: Moody is banned
|rule|Evasion Moves Clause: Evasion moves are banned
|rule|Endless Battle Clause: Forcing endless battles is banned
|rule|HP Percentage Mod: HP is shown in percentages
|rule|Evasion Abilities Clause: Evasion abilities are banned
|rule|Baton Pass Clause: Limit one Baton Passer, can't pass Spe and other stats simultaneously
|rule|Swagger Clause: Swagger is banned
|rule|Sleep Clause Mod: Limit one foe put to sleep
|clearpoke
|poke|p1|Seismitoad, F|item
|poke|p1|Mandibuzz, F|item
|poke|p1|Garbodor, M|item
|poke|p1|Kangaskhan, F|item
|poke|p1|Floatzel, M|item
|poke|p1|Rotom-Frost|item
|poke|p2|Kadabra, F|item
|poke|p2|Eelektross, F|item
|poke|p2|Mandibuzz, F|item
|poke|p2|Tauros, M|item
|poke|p2|Seismitoad, M|item
|poke|p2|Roselia, M|item
|teampreview
|inactive|Battle timer is ON: inactive players will automatically lose when time's up. (requested by Jeran 重力)
|inactive|Jeran 重力 has 270 seconds left.
|c|☆crystal vince|Thanks for the no goth or riolu
|c|☆Jeran 重力|glhf
|inactive|Jeran 重力 has 240 seconds left.
|c|☆crystal vince|U2
|inactive|Jeran 重力 has 210 seconds left.
|
|t:|1633279999
|start
|switch|p1a: Kangaskhan|Kangaskhan, F|100/100
|switch|p2a: Seismitoad|Seismitoad, M|100/100
|turn|1
|
|t:|1633280008
|move|p1a: Kangaskhan|Fake Out|p2a: Seismitoad
|-damage|p2a: Seismitoad|87/100
|cant|p2a: Seismitoad|flinch
|
|-heal|p2a: Seismitoad|93/100|[from] item: Leftovers
|upkeep
|turn|2
|inactive|Jeran 重力 has 270 seconds left.
|
|t:|1633280041
|move|p1a: Kangaskhan|Toxic|p2a: Seismitoad|[miss]
|-miss|p1a: Kangaskhan|p2a: Seismitoad
|move|p2a: Seismitoad|Stealth Rock|p1a: Kangaskhan
|-sidestart|p1: Jeran 重力|move: Stealth Rock
|
|-heal|p2a: Seismitoad|99/100|[from] item: Leftovers
|upkeep
|turn|3
|
|t:|1633280049
|switch|p2a: Roselia|Roselia, M|100/100
|move|p1a: Kangaskhan|Toxic|p2a: Roselia
|-immune|p2a: Roselia
|
|upkeep
|turn|4
|inactive|Jeran 重力 has 270 seconds left.
|
|t:|1633280077
|move|p1a: Kangaskhan|Double-Edge|p2a: Roselia
|-damage|p2a: Roselia|10/100
|-damage|p1a: Kangaskhan|75/100|[from] Recoil
|move|p2a: Roselia|Spikes|p1a: Kangaskhan
|-sidestart|p1: Jeran 重力|Spikes
|
|upkeep
|turn|5
|
|t:|1633280093
|switch|p2a: Mandibuzz|Mandibuzz, F|100/100
|move|p1a: Kangaskhan|Earthquake|p2a: Mandibuzz
|-immune|p2a: Mandibuzz
|
|upkeep
|turn|6
|
|t:|1633280102
|move|p1a: Kangaskhan|Toxic|p2a: Mandibuzz
|-status|p2a: Mandibuzz|tox
|move|p2a: Mandibuzz|Foul Play|p1a: Kangaskhan
|-damage|p1a: Kangaskhan|32/100
|
|-damage|p2a: Mandibuzz|94/100 tox|[from] psn
|upkeep
|turn|7
|inactive|Jeran 重力 has 270 seconds left.
|
|t:|1633280116
|switch|p1a: Seismitoad|Seismitoad, F|100/100
|-damage|p1a: Seismitoad|88/100|[from] Spikes
|-damage|p1a: Seismitoad|82/100|[from] Stealth Rock
|move|p2a: Mandibuzz|Foul Play|p1a: Seismitoad
|-crit|p1a: Seismitoad
|-damage|p1a: Seismitoad|43/100
|
|-heal|p2a: Mandibuzz|100/100 tox|[from] item: Leftovers
|-heal|p1a: Seismitoad|50/100|[from] item: Leftovers
|-damage|p2a: Mandibuzz|88/100 tox|[from] psn
|upkeep
|turn|8
|
|t:|1633280130
|move|p2a: Mandibuzz|Hidden Power|p1a: Seismitoad
|-supereffective|p1a: Seismitoad
|-damage|p1a: Seismitoad|10/100
|move|p1a: Seismitoad|Stealth Rock|p2a: Mandibuzz
|-sidestart|p2: crystal vince|move: Stealth Rock
|
|-heal|p2a: Mandibuzz|94/100 tox|[from] item: Leftovers
|-heal|p1a: Seismitoad|16/100|[from] item: Leftovers
|-damage|p2a: Mandibuzz|76/100 tox|[from] psn
|upkeep
|turn|9
|
|t:|1633280140
|switch|p1a: Garbodor|Garbodor, M|100/100
|-damage|p1a: Garbodor|88/100|[from] Spikes
|-damage|p1a: Garbodor|76/100|[from] Stealth Rock
|move|p2a: Mandibuzz|Foul Play|p1a: Garbodor
|-damage|p1a: Garbodor|47/100
|-damage|p2a: Mandibuzz|59/100 tox|[from] item: Rocky Helmet|[of] p1a: Garbodor
|
|-heal|p2a: Mandibuzz|66/100 tox|[from] item: Leftovers
|-damage|p2a: Mandibuzz|41/100 tox|[from] psn
|upkeep
|turn|10
|
|t:|1633280154
|move|p2a: Mandibuzz|Roost|p2a: Mandibuzz
|-heal|p2a: Mandibuzz|91/100 tox
|-singleturn|p2a: Mandibuzz|move: Roost
|move|p1a: Garbodor|Spikes|p2a: Mandibuzz
|-sidestart|p2: crystal vince|Spikes
|
|-heal|p2a: Mandibuzz|97/100 tox|[from] item: Leftovers
|-damage|p2a: Mandibuzz|67/100 tox|[from] psn
|upkeep
|turn|11
|
|t:|1633280165
|switch|p2a: Kadabra|Kadabra, F|100/100
|move|p1a: Garbodor|Spikes|p2a: Kadabra
|-sidestart|p2: crystal vince|Spikes
|
|upkeep
|turn|12
|
|t:|1633280172
|switch|p1a: Mandibuzz|Mandibuzz, F|100/100
|-damage|p1a: Mandibuzz|76/100|[from] Stealth Rock
|move|p2a: Kadabra|Psychic|p1a: Mandibuzz
|-immune|p1a: Mandibuzz
|
|-heal|p1a: Mandibuzz|82/100|[from] item: Leftovers
|upkeep
|turn|13
|
|t:|1633280181
|switch|p2a: Eelektross|Eelektross, F|100/100
|-damage|p2a: Eelektross|88/100|[from] Stealth Rock
|move|p1a: Mandibuzz|Foul Play|p2a: Eelektross
|-damage|p2a: Eelektross|50/100
|
|-heal|p1a: Mandibuzz|88/100|[from] item: Leftovers
|-heal|p2a: Eelektross|56/100|[from] item: Leftovers
|upkeep
|turn|14
|
|t:|1633280193
|switch|p1a: Seismitoad|Seismitoad, F|16/100
|-damage|p1a: Seismitoad|3/100|[from] Spikes
|-damage|p1a: Seismitoad|0 fnt|[from] Stealth Rock
|faint|p1a: Seismitoad
|move|p2a: Eelektross|Thunderbolt|p1: Seismitoad|[notarget]
|-fail|p2a: Eelektross
|
|-heal|p2a: Eelektross|62/100|[from] item: Leftovers
|upkeep
|
|t:|1633280203
|switch|p1a: Kangaskhan|Kangaskhan, F|32/100
|-damage|p1a: Kangaskhan|19/100|[from] Stealth Rock
|-damage|p1a: Kangaskhan|7/100|[from] Spikes
|turn|15
|
|t:|1633280210
|switch|p2a: Roselia|Roselia, M|10/100
|-damage|p2a: Roselia|0 fnt|[from] Spikes
|faint|p2a: Roselia
|move|p1a: Kangaskhan|Double-Edge|p2: Roselia|[notarget]
|-fail|p1a: Kangaskhan
|
|upkeep
|
|t:|1633280218
|switch|p2a: Tauros|Tauros, M|100/100
|-damage|p2a: Tauros|88/100|[from] Stealth Rock
|-damage|p2a: Tauros|72/100|[from] Spikes
|turn|16
|
|t:|1633280225
|move|p2a: Tauros|Pursuit|p1a: Kangaskhan
|-damage|p1a: Kangaskhan|0 fnt
|faint|p1a: Kangaskhan
|-damage|p2a: Tauros|62/100|[from] item: Life Orb
|
|upkeep
|inactive|Jeran 重力 has 270 seconds left.
|inactive|Jeran 重力 has 240 seconds left.
|
|t:|1633280296
|switch|p1a: Floatzel|Floatzel, M|100/100
|-damage|p1a: Floatzel|88/100|[from] Stealth Rock
|-damage|p1a: Floatzel|76/100|[from] Spikes
|turn|17
|inactive|crystal vince has 270 seconds left.
|
|t:|1633280335
|move|p1a: Floatzel|Hydro Pump|p2a: Tauros|[miss]
|-miss|p1a: Floatzel|p2a: Tauros
|move|p2a: Tauros|Rock Climb|p1a: Floatzel
|-damage|p1a: Floatzel|0 fnt
|faint|p1a: Floatzel
|
|upkeep
|inactive|Jeran 重力 has 240 seconds left.
|
|t:|1633280349
|switch|p1a: Mandibuzz|Mandibuzz, F|88/100
|-damage|p1a: Mandibuzz|63/100|[from] Stealth Rock
|turn|18
|j|+Corthius
|l|+Corthius
|inactive|Jeran 重力 has 240 seconds left.
|
|t:|1633280357
|move|p2a: Tauros|Rock Climb|p1a: Mandibuzz
|-damage|p1a: Mandibuzz|23/100
|move|p1a: Mandibuzz|Foul Play|p2a: Tauros
|-damage|p2a: Tauros|10/100
|
|-heal|p1a: Mandibuzz|30/100|[from] item: Leftovers
|upkeep
|turn|19
|
|t:|1633280366
|switch|p1a: Garbodor|Garbodor, M|47/100
|-damage|p1a: Garbodor|34/100|[from] Stealth Rock
|-damage|p1a: Garbodor|22/100|[from] Spikes
|move|p2a: Tauros|Rock Climb|p1a: Garbodor
|-crit|p1a: Garbodor
|-damage|p1a: Garbodor|0 fnt
|-damage|p2a: Tauros|0 fnt|[from] ability: Aftermath|[of] p1a: Garbodor
|faint|p2a: Tauros
|faint|p1a: Garbodor
|
|upkeep
|
|t:|1633280378
|switch|p2a: Kadabra|Kadabra, F|100/100
|switch|p1a: Rotom|Rotom-Frost|100/100
|-damage|p1a: Rotom|76/100|[from] Stealth Rock
|turn|20
|
|t:|1633280387
|move|p2a: Kadabra|Psychic|p1a: Rotom
|-damage|p1a: Rotom|17/100
|move|p1a: Rotom|Thunderbolt|p2a: Kadabra
|-damage|p2a: Kadabra|6/100
|
|upkeep
|turn|21
|
|t:|1633280393
|move|p2a: Kadabra|Psychic|p1a: Rotom
|-damage|p1a: Rotom|0 fnt
|faint|p1a: Rotom
|
|upkeep
|
|t:|1633280395
|switch|p1a: Mandibuzz|Mandibuzz, F|30/100
|-damage|p1a: Mandibuzz|5/100|[from] Stealth Rock
|turn|22
|
|t:|1633280402
|switch|p2a: Mandibuzz|Mandibuzz, F|67/100 tox
|-damage|p2a: Mandibuzz|42/100 tox|[from] Stealth Rock
|move|p1a: Mandibuzz|Roost|p1a: Mandibuzz
|-heal|p1a: Mandibuzz|55/100
|-singleturn|p1a: Mandibuzz|move: Roost
|
|-heal|p1a: Mandibuzz|61/100|[from] item: Leftovers
|-heal|p2a: Mandibuzz|48/100 tox|[from] item: Leftovers
|-damage|p2a: Mandibuzz|42/100 tox|[from] psn
|upkeep
|turn|23
|
|t:|1633280415
|move|p1a: Mandibuzz|Roost|p1a: Mandibuzz
|-heal|p1a: Mandibuzz|100/100
|-singleturn|p1a: Mandibuzz|move: Roost
|move|p2a: Mandibuzz|Toxic|p1a: Mandibuzz
|-status|p1a: Mandibuzz|tox
|
|-heal|p2a: Mandibuzz|48/100 tox|[from] item: Leftovers
|-damage|p1a: Mandibuzz|94/100 tox|[from] psn
|-damage|p2a: Mandibuzz|35/100 tox|[from] psn
|upkeep
|turn|24
|
|t:|1633280426
|move|p1a: Mandibuzz|Foul Play|p2a: Mandibuzz
|-resisted|p2a: Mandibuzz
|-damage|p2a: Mandibuzz|31/100 tox
|move|p2a: Mandibuzz|Roost|p2a: Mandibuzz
|-heal|p2a: Mandibuzz|81/100 tox
|-singleturn|p2a: Mandibuzz|move: Roost
|
|-heal|p1a: Mandibuzz|100/100 tox|[from] item: Leftovers
|-heal|p2a: Mandibuzz|87/100 tox|[from] item: Leftovers
|-damage|p1a: Mandibuzz|88/100 tox|[from] psn
|-damage|p2a: Mandibuzz|68/100 tox|[from] psn
|upkeep
|turn|25
|-message|Jeran 重力 forfeited.
|
|win|crystal vince
|l|☆Jeran 重力
|l|☆crystal vince
|j|☆Jeran 重力
|player|p1|Jeran 重力|argenta
|inactive|Battle timer is ON: inactive players will automatically lose when time's up. (requested by Jeran 重力)
|j|☆crystal vince
|player|p2|crystal vince|byron
|j|+Corthius
