|j|☆Sificon~
|j|☆Wubben
|t:|1642624098
|gametype|singles
|player|p1|Sificon~|tuberf-gen3rs|
|player|p2|Wubben|skier|
|teamsize|p1|6
|teamsize|p2|6
|gen|5
|tier|[Gen 5] NU
|rule|Species Clause: Limit one of each Pokémon
|rule|OHKO Clause: OHKO moves are banned
|rule|Moody Clause: Moody is banned
|rule|Evasion Moves Clause: Evasion moves are banned
|rule|Endless Battle Clause: Forcing endless battles is banned
|rule|HP Percentage Mod: HP is shown in percentages
|rule|Evasion Abilities Clause: Evasion abilities are banned
|rule|Swagger Clause: Swagger is banned
|rule|Baton Pass Clause: Limit one Baton Passer, can't pass Spe and other stats simultaneously
|rule|Sleep Clause Mod: Limit one foe put to sleep
|clearpoke
|poke|p1|Zweilous, F|item
|poke|p1|Misdreavus, M|item
|poke|p1|Primeape, F|item
|poke|p1|Weezing, F|item
|poke|p1|Piloswine, M|item
|poke|p1|Zangoose, M|item
|poke|p2|Golem, M|item
|poke|p2|Sawk, M|item
|poke|p2|Lickilicky, F|item
|poke|p2|Eelektross, F|item
|poke|p2|Samurott, F|item
|poke|p2|Golbat, F|item
|teampreview
|c|☆Wubben|glhf
|c|☆Sificon~|u2
|
|t:|1642624138
|start
|switch|p1a: Piloswine|Piloswine, M|100/100
|switch|p2a: Samurott|Samurott, F|100/100
|turn|1
|
|t:|1642624174
|switch|p1a: Weezing|Weezing, F|100/100
|move|p2a: Samurott|Swords Dance|p2a: Samurott
|-boost|p2a: Samurott|atk|2
|
|upkeep
|turn|2
|
|t:|1642624183
|move|p2a: Samurott|Waterfall|p1a: Weezing
|-damage|p1a: Weezing|36/100
|move|p1a: Weezing|Thunderbolt|p2a: Samurott
|-supereffective|p2a: Samurott
|-damage|p2a: Samurott|50/100
|
|upkeep
|turn|3
|
|t:|1642624197
|move|p2a: Samurott|Waterfall|p1a: Weezing
|-damage|p1a: Weezing|0 fnt
|faint|p1a: Weezing
|
|upkeep
|
|t:|1642624205
|switch|p1a: Primeape|Primeape, F|100/100
|turn|4
|
|t:|1642624208
|switch|p2a: Golbat|Golbat, F|100/100
|move|p1a: Primeape|Close Combat|p2a: Golbat
|-resisted|p2a: Golbat
|-damage|p2a: Golbat|92/100
|-unboost|p1a: Primeape|def|1
|-unboost|p1a: Primeape|spd|1
|
|upkeep
|turn|5
|
|t:|1642624216
|switch|p1a: Piloswine|Piloswine, M|100/100
|move|p2a: Golbat|Taunt|p1a: Piloswine
|-start|p1a: Piloswine|move: Taunt
|
|upkeep
|turn|6
|
|t:|1642624225
|switch|p2a: Eelektross|Eelektross, F|100/100
|switch|p1a: Misdreavus|Misdreavus, M|100/100
|
|upkeep
|turn|7
|
|t:|1642624236
|switch|p2a: Golbat|Golbat, F|92/100
|move|p1a: Misdreavus|Nasty Plot|p1a: Misdreavus
|-boost|p1a: Misdreavus|spa|2
|
|upkeep
|turn|8
|
|t:|1642624267
|move|p1a: Misdreavus|Thunderbolt|p2a: Golbat
|-supereffective|p2a: Golbat
|-damage|p2a: Golbat|14/100
|move|p2a: Golbat|Brave Bird|p1a: Misdreavus
|-damage|p1a: Misdreavus|53/100
|-damage|p2a: Golbat|2/100|[from] Recoil
|
|upkeep
|turn|9
|
|t:|1642624275
|switch|p2a: Golem|Golem, M|100/100
|move|p1a: Misdreavus|Shadow Ball|p2a: Golem
|-damage|p2a: Golem|7/100
|-unboost|p2a: Golem|spd|1
|
|-heal|p2a: Golem|13/100|[from] item: Leftovers
|upkeep
|turn|10
|
|t:|1642624301
|move|p2a: Golem|Sucker Punch|p1a: Misdreavus
|-supereffective|p1a: Misdreavus
|-damage|p1a: Misdreavus|0 fnt
|faint|p1a: Misdreavus
|
|-heal|p2a: Golem|19/100|[from] item: Leftovers
|upkeep
|
|t:|1642624342
|switch|p1a: Zangoose|Zangoose, M|100/100
|turn|11
|
|t:|1642624347
|move|p1a: Zangoose|Close Combat|p2a: Golem
|-supereffective|p2a: Golem
|-crit|p2a: Golem
|-damage|p2a: Golem|0 fnt
|-unboost|p1a: Zangoose|def|1
|-unboost|p1a: Zangoose|spd|1
|faint|p2a: Golem
|
|-status|p1a: Zangoose|tox|[from] item: Toxic Orb
|upkeep
|
|t:|1642624350
|switch|p2a: Sawk|Sawk, M|100/100
|turn|12
|
|t:|1642624365
|move|p2a: Sawk|Close Combat|p1a: Zangoose
|-supereffective|p1a: Zangoose
|-crit|p1a: Zangoose
|-damage|p1a: Zangoose|0 fnt
|-unboost|p2a: Sawk|def|1
|-unboost|p2a: Sawk|spd|1
|faint|p1a: Zangoose
|
|upkeep
|
|t:|1642624367
|switch|p1a: Piloswine|Piloswine, M|100/100
|turn|13
|
|t:|1642624370
|switch|p2a: Golbat|Golbat, F|2/100
|move|p1a: Piloswine|Earthquake|p2a: Golbat
|-immune|p2a: Golbat
|
|upkeep
|turn|14
|
|t:|1642624382
|switch|p2a: Samurott|Samurott, F|50/100
|move|p1a: Piloswine|Ice Shard|p2a: Samurott
|-resisted|p2a: Samurott
|-damage|p2a: Samurott|41/100
|
|upkeep
|turn|15
|
|t:|1642624385
|switch|p1a: Zweilous|Zweilous, F|100/100
|move|p2a: Samurott|Waterfall|p1a: Zweilous
|-resisted|p1a: Zweilous
|-damage|p1a: Zweilous|78/100
|
|upkeep
|turn|16
|
|t:|1642624406
|move|p1a: Zweilous|Crunch|p2a: Samurott
|-damage|p2a: Samurott|0 fnt
|faint|p2a: Samurott
|
|upkeep
|
|t:|1642624410
|switch|p2a: Sawk|Sawk, M|100/100
|turn|17
|
|t:|1642624429
|move|p2a: Sawk|Close Combat|p1a: Zweilous
|-supereffective|p1a: Zweilous
|-damage|p1a: Zweilous|0 fnt
|-unboost|p2a: Sawk|def|1
|-unboost|p2a: Sawk|spd|1
|faint|p1a: Zweilous
|
|upkeep
|
|t:|1642624450
|switch|p1a: Piloswine|Piloswine, M|100/100
|turn|18
|
|t:|1642624453
|switch|p2a: Golbat|Golbat, F|2/100
|move|p1a: Piloswine|Stealth Rock|p2a: Golbat
|-sidestart|p2: Wubben|move: Stealth Rock
|
|upkeep
|turn|19
|
|t:|1642624462
|move|p1a: Piloswine|Ice Shard|p2a: Golbat
|-supereffective|p2a: Golbat
|-damage|p2a: Golbat|0 fnt
|faint|p2a: Golbat
|
|upkeep
|
|t:|1642624469
|switch|p2a: Eelektross|Eelektross, F|100/100
|-damage|p2a: Eelektross|88/100|[from] Stealth Rock
|turn|20
|
|t:|1642624476
|switch|p1a: Primeape|Primeape, F|100/100
|move|p2a: Eelektross|Giga Drain|p1a: Primeape
|-damage|p1a: Primeape|58/100
|-heal|p2a: Eelektross|100/100|[from] drain|[of] p1a: Primeape
|
|upkeep
|turn|21
|
|t:|1642624498
|move|p1a: Primeape|Close Combat|p2a: Eelektross
|-damage|p2a: Eelektross|32/100
|-unboost|p1a: Primeape|def|1
|-unboost|p1a: Primeape|spd|1
|move|p2a: Eelektross|Thunderbolt|p1a: Primeape
|-damage|p1a: Primeape|0 fnt
|faint|p1a: Primeape
|
|upkeep
|
|t:|1642624501
|switch|p1a: Piloswine|Piloswine, M|100/100
|turn|22
|
|t:|1642624509
|move|p2a: Eelektross|Giga Drain|p1a: Piloswine
|-supereffective|p1a: Piloswine
|-damage|p1a: Piloswine|59/100
|-heal|p2a: Eelektross|58/100|[from] drain|[of] p1a: Piloswine
|move|p1a: Piloswine|Stone Edge|p2a: Eelektross|[miss]
|-miss|p1a: Piloswine|p2a: Eelektross
|
|upkeep
|turn|23
|
|t:|1642624511
|move|p1a: Piloswine|Ice Shard|p2a: Eelektross
|-damage|p2a: Eelektross|36/100
|move|p2a: Eelektross|Giga Drain|p1a: Piloswine
|-supereffective|p1a: Piloswine
|-damage|p1a: Piloswine|18/100
|-heal|p2a: Eelektross|62/100|[from] drain|[of] p1a: Piloswine
|
|upkeep
|turn|24
|c|☆Wubben|gg
|c|☆Sificon~|gg
|
|t:|1642624525
|move|p1a: Piloswine|Ice Shard|p2a: Eelektross
|-crit|p2a: Eelektross
|-damage|p2a: Eelektross|15/100
|move|p2a: Eelektross|Giga Drain|p1a: Piloswine
|-supereffective|p1a: Piloswine
|-damage|p1a: Piloswine|0 fnt
|-heal|p2a: Eelektross|26/100|[from] drain|[of] p1a: Piloswine
|faint|p1a: Piloswine
|
|win|Wubben
|l|☆Sificon~
