|j|☆ilikepikachu22
|j|☆goodmikez
|t:|1644090232
|gametype|singles
|player|p1|ilikepikachu22|gambler|
|player|p2|goodmikez|unknownf|
|teamsize|p1|6
|teamsize|p2|6
|gen|5
|tier|[Gen 5] OU
|rule|Species Clause: Limit one of each Pokémon
|rule|OHKO Clause: OHKO moves are banned
|rule|Moody Clause: Moody is banned
|rule|Evasion Moves Clause: Evasion moves are banned
|rule|Endless Battle Clause: Forcing endless battles is banned
|rule|HP Percentage Mod: HP is shown in percentages
|rule|Evasion Abilities Clause: Evasion abilities are banned
|rule|Sleep Clause: Sleep-inducing moves are banned
|rule|Swagger Clause: Swagger is banned
|clearpoke
|poke|p1|Alakazam, M|item
|poke|p1|Tyranitar, M|item
|poke|p1|Landorus-Therian, M|item
|poke|p1|Ferrothorn, M|item
|poke|p1|Rotom-Wash|item
|poke|p1|Latios, M|item
|poke|p2|Politoed, F|item
|poke|p2|Tentacruel, F|item
|poke|p2|Ferrothorn, F|item
|poke|p2|Keldeo|item
|poke|p2|Latios, M|item
|poke|p2|Thundurus-Therian, M|item
|teampreview
|
|t:|1644090262
|start
|switch|p1a: Rotom|Rotom-Wash|100/100
|switch|p2a: Latios|Latios, M|100/100
|turn|1
|
|t:|1644090275
|switch|p2a: Keldeo|Keldeo|100/100
|switch|p1a: Tyranitar|Tyranitar, M|100/100
|-weather|Sandstorm|[from] ability: Sand Stream|[of] p1a: Tyranitar
|
|-weather|Sandstorm|[upkeep]
|-damage|p2a: Keldeo|94/100|[from] Sandstorm
|upkeep
|turn|2
|
|t:|1644090291
|switch|p1a: Latios|Latios, M|100/100
|move|p2a: Keldeo|Icy Wind|p1a: Latios
|-supereffective|p1a: Latios
|-damage|p1a: Latios|59/100
|-unboost|p1a: Latios|spe|1
|
|-weather|Sandstorm|[upkeep]
|-damage|p2a: Keldeo|88/100|[from] Sandstorm
|-damage|p1a: Latios|53/100|[from] Sandstorm
|upkeep
|turn|3
|
|t:|1644090303
|move|p2a: Keldeo|Icy Wind|p1a: Latios
|-supereffective|p1a: Latios
|-damage|p1a: Latios|13/100
|-unboost|p1a: Latios|spe|1
|move|p1a: Latios|Trick|p2a: Keldeo
|-activate|p1a: Latios|move: Trick|[of] p2a: Keldeo
|-item|p2a: Keldeo|Choice Specs|[from] move: Trick
|-item|p1a: Latios|Choice Scarf|[from] move: Trick
|
|-weather|Sandstorm|[upkeep]
|-damage|p2a: Keldeo|82/100|[from] Sandstorm
|-damage|p1a: Latios|7/100|[from] Sandstorm
|upkeep
|turn|4
|
|t:|1644090319
|move|p2a: Keldeo|Scald|p1a: Latios
|-resisted|p1a: Latios
|-damage|p1a: Latios|0 fnt
|faint|p1a: Latios
|
|-weather|Sandstorm|[upkeep]
|-damage|p2a: Keldeo|76/100|[from] Sandstorm
|upkeep
|
|t:|1644090325
|switch|p1a: Alakazam|Alakazam, M|100/100
|turn|5
|
|t:|1644090341
|switch|p2a: Politoed|Politoed, F|100/100
|-weather|RainDance|[from] ability: Drizzle|[of] p2a: Politoed
|move|p1a: Alakazam|Focus Blast|p2a: Politoed
|-damage|p2a: Politoed|72/100
|
|-weather|RainDance|[upkeep]
|-heal|p2a: Politoed|78/100|[from] item: Leftovers
|upkeep
|turn|6
|
|t:|1644090356
|switch|p1a: Ferrothorn|Ferrothorn, M|100/100
|move|p2a: Politoed|Protect||[still]
|-fail|p2a: Politoed
|
|-weather|RainDance|[upkeep]
|-heal|p2a: Politoed|85/100|[from] item: Leftovers
|upkeep
|turn|7
|
|t:|1644090370
|switch|p2a: Ferrothorn|Ferrothorn, F|100/100
|move|p1a: Ferrothorn|Spikes|p2a: Ferrothorn
|-sidestart|p2: goodmikez|Spikes
|
|-weather|RainDance|[upkeep]
|upkeep
|turn|8
|
|t:|1644090385
|move|p2a: Ferrothorn|Knock Off|p1a: Ferrothorn
|-resisted|p1a: Ferrothorn
|-damage|p1a: Ferrothorn|99/100
|-damage|p2a: Ferrothorn|88/100|[from] ability: Iron Barbs|[of] p1a: Ferrothorn
|-enditem|p1a: Ferrothorn|Leftovers|[from] move: Knock Off|[of] p2a: Ferrothorn
|move|p1a: Ferrothorn|Knock Off|p2a: Ferrothorn
|-resisted|p2a: Ferrothorn
|-damage|p2a: Ferrothorn|86/100
|-damage|p1a: Ferrothorn|86/100|[from] ability: Iron Barbs|[of] p2a: Ferrothorn
|-enditem|p2a: Ferrothorn|Leftovers|[from] move: Knock Off|[of] p1a: Ferrothorn
|
|-weather|RainDance|[upkeep]
|upkeep
|turn|9
|
|t:|1644090397
|move|p2a: Ferrothorn|Spikes|p1a: Ferrothorn
|-sidestart|p1: ilikepikachu22|Spikes
|move|p1a: Ferrothorn|Spikes|p2a: Ferrothorn
|-sidestart|p2: goodmikez|Spikes
|
|-weather|RainDance|[upkeep]
|upkeep
|turn|10
|
|t:|1644090426
|switch|p2a: Keldeo|Keldeo|76/100
|-damage|p2a: Keldeo|59/100|[from] Spikes
|move|p1a: Ferrothorn|Spikes|p2a: Keldeo
|-sidestart|p2: goodmikez|Spikes
|
|-weather|RainDance|[upkeep]
|upkeep
|turn|11
|
|t:|1644090458
|switch|p1a: Landorus|Landorus-Therian, M|100/100
|-ability|p1a: Landorus|Intimidate|boost
|-unboost|p2a: Keldeo|atk|1
|move|p2a: Keldeo|Secret Sword|p1a: Landorus
|-resisted|p1a: Landorus
|-damage|p1a: Landorus|61/100
|
|-weather|RainDance|[upkeep]
|-heal|p1a: Landorus|67/100|[from] item: Leftovers
|upkeep
|turn|12
|
|t:|1644090482
|switch|p2a: Ferrothorn|Ferrothorn, F|86/100
|-damage|p2a: Ferrothorn|61/100|[from] Spikes
|move|p1a: Landorus|U-turn|p2a: Ferrothorn
|-damage|p2a: Ferrothorn|40/100
|-damage|p1a: Landorus|55/100|[from] ability: Iron Barbs|[of] p2a: Ferrothorn
|
|t:|1644090489
|switch|p1a: Tyranitar|Tyranitar, M|100/100|[from]move: U-turn
|-damage|p1a: Tyranitar|88/100|[from] Spikes
|-weather|Sandstorm|[from] ability: Sand Stream|[of] p1a: Tyranitar
|
|-weather|Sandstorm|[upkeep]
|upkeep
|turn|13
|
|t:|1644090511
|move|p1a: Tyranitar|Superpower|p2a: Ferrothorn
|-supereffective|p2a: Ferrothorn
|-damage|p2a: Ferrothorn|0 fnt
|-unboost|p1a: Tyranitar|atk|1
|-unboost|p1a: Tyranitar|def|1
|-damage|p1a: Tyranitar|76/100|[from] ability: Iron Barbs|[of] p2a: Ferrothorn
|faint|p2a: Ferrothorn
|
|-weather|Sandstorm|[upkeep]
|upkeep
|
|t:|1644090516
|switch|p2a: Tentacruel|Tentacruel, F|100/100
|-damage|p2a: Tentacruel|75/100|[from] Spikes
|turn|14
|
|t:|1644090524
|switch|p1a: Alakazam|Alakazam, M|100/100
|move|p2a: Tentacruel|Rapid Spin|p1a: Alakazam
|-damage|p1a: Alakazam|94/100
|-sideend|p2: goodmikez|Spikes|[from] move: Rapid Spin|[of] p2a: Tentacruel
|
|-weather|Sandstorm|[upkeep]
|-damage|p2a: Tentacruel|69/100|[from] Sandstorm
|-heal|p2a: Tentacruel|75/100|[from] item: Black Sludge
|upkeep
|turn|15
|
|t:|1644090536
|switch|p2a: Politoed|Politoed, F|85/100
|-weather|RainDance|[from] ability: Drizzle|[of] p2a: Politoed
|move|p1a: Alakazam|Psychic|p2a: Politoed
|-damage|p2a: Politoed|54/100
|
|-weather|RainDance|[upkeep]
|-heal|p2a: Politoed|60/100|[from] item: Leftovers
|upkeep
|turn|16
|
|t:|1644090545
|move|p1a: Alakazam|Psychic|p2a: Politoed
|-damage|p2a: Politoed|29/100
|move|p2a: Politoed|Scald|p1a: Alakazam
|-damage|p1a: Alakazam|36/100
|-status|p1a: Alakazam|brn
|
|-weather|RainDance|[upkeep]
|-heal|p2a: Politoed|35/100|[from] item: Leftovers
|upkeep
|turn|17
|
|t:|1644090558
|switch|p1a: Rotom|Rotom-Wash|100/100
|move|p2a: Politoed|Scald|p1a: Rotom
|-resisted|p1a: Rotom
|-damage|p1a: Rotom|85/100
|
|-weather|RainDance|[upkeep]
|-heal|p1a: Rotom|91/100|[from] item: Leftovers
|-heal|p2a: Politoed|41/100|[from] item: Leftovers
|upkeep
|turn|18
|
|t:|1644090566
|switch|p2a: Thundurus|Thundurus-Therian, M|100/100
|move|p1a: Rotom|Hydro Pump|p2a: Thundurus|[miss]
|-miss|p1a: Rotom|p2a: Thundurus
|
|-weather|RainDance|[upkeep]
|-heal|p1a: Rotom|97/100|[from] item: Leftovers
|upkeep
|turn|19
|
|t:|1644090577
|move|p2a: Thundurus|Thunder|p1a: Rotom
|-damage|p1a: Rotom|42/100
|move|p1a: Rotom|Hydro Pump|p2a: Thundurus
|-damage|p2a: Thundurus|10/100
|
|-weather|RainDance|[upkeep]
|-heal|p2a: Thundurus|16/100|[from] item: Leftovers
|-heal|p1a: Rotom|48/100|[from] item: Leftovers
|upkeep
|turn|20
|
|t:|1644090587
|switch|p1a: Tyranitar|Tyranitar, M|76/100
|-damage|p1a: Tyranitar|63/100|[from] Spikes
|-weather|Sandstorm|[from] ability: Sand Stream|[of] p1a: Tyranitar
|move|p2a: Thundurus|Thunder|p1a: Tyranitar
|-damage|p1a: Tyranitar|33/100
|
|-weather|Sandstorm|[upkeep]
|-damage|p2a: Thundurus|10/100|[from] Sandstorm
|-heal|p2a: Thundurus|16/100|[from] item: Leftovers
|upkeep
|turn|21
|
|t:|1644090599
|-activate|p2a: Thundurus|move: Pursuit
|move|p1a: Tyranitar|Pursuit|p2a: Thundurus|[from]Pursuit
|-damage|p2a: Thundurus|0 fnt
|faint|p2a: Thundurus
|-hint|A Pokemon can't switch between when it runs out of HP and when it faints
|
|-weather|Sandstorm|[upkeep]
|upkeep
|
|t:|1644090601
|switch|p2a: Politoed|Politoed, F|41/100
|-weather|RainDance|[from] ability: Drizzle|[of] p2a: Politoed
|turn|22
|
|t:|1644090617
|switch|p2a: Keldeo|Keldeo|59/100
|switch|p1a: Alakazam|Alakazam, M|36/100 brn
|
|-weather|RainDance|[upkeep]
|upkeep
|turn|23
|
|t:|1644090627
|switch|p2a: Latios|Latios, M|100/100
|move|p1a: Alakazam|Psychic|p2a: Latios
|-resisted|p2a: Latios
|-damage|p2a: Latios|75/100
|
|-weather|RainDance|[upkeep]
|upkeep
|turn|24
|
|t:|1644090633
|switch|p1a: Ferrothorn|Ferrothorn, M|86/100
|-damage|p1a: Ferrothorn|74/100|[from] Spikes
|move|p2a: Latios|Dragon Pulse|p1a: Ferrothorn
|-resisted|p1a: Ferrothorn
|-damage|p1a: Ferrothorn|52/100
|
|-weather|RainDance|[upkeep]
|upkeep
|turn|25
|
|t:|1644090647
|switch|p2a: Keldeo|Keldeo|59/100
|move|p1a: Ferrothorn|Knock Off|p2a: Keldeo
|-resisted|p2a: Keldeo
|-damage|p2a: Keldeo|57/100
|-ability|p2a: Keldeo|Justified|boost
|-boost|p2a: Keldeo|atk|1
|-enditem|p2a: Keldeo|Choice Specs|[from] move: Knock Off|[of] p1a: Ferrothorn
|
|-weather|RainDance|[upkeep]
|upkeep
|turn|26
|
|t:|1644090653
|move|p2a: Keldeo|Secret Sword|p1a: Ferrothorn
|-supereffective|p1a: Ferrothorn
|-damage|p1a: Ferrothorn|0 fnt
|faint|p1a: Ferrothorn
|
|-weather|RainDance|[upkeep]
|upkeep
|
|t:|1644090657
|switch|p1a: Alakazam|Alakazam, M|36/100 brn
|turn|27
|
|t:|1644090665
|switch|p2a: Latios|Latios, M|75/100
|move|p1a: Alakazam|Psychic|p2a: Latios
|-resisted|p2a: Latios
|-damage|p2a: Latios|48/100
|
|-weather|RainDance|[upkeep]
|upkeep
|turn|28
|
|t:|1644090685
|switch|p1a: Tyranitar|Tyranitar, M|33/100
|-damage|p1a: Tyranitar|21/100|[from] Spikes
|-weather|Sandstorm|[from] ability: Sand Stream|[of] p1a: Tyranitar
|move|p2a: Latios|Dragon Pulse|p1a: Tyranitar
|-damage|p1a: Tyranitar|0 fnt
|faint|p1a: Tyranitar
|
|-weather|Sandstorm|[upkeep]
|-damage|p2a: Latios|42/100|[from] Sandstorm
|upkeep
|
|t:|1644090699
|switch|p1a: Alakazam|Alakazam, M|36/100 brn
|turn|29
|
|t:|1644090704
|move|p1a: Alakazam|Psychic|p2a: Latios
|-resisted|p2a: Latios
|-damage|p2a: Latios|16/100
|move|p2a: Latios|Dragon Pulse|p1a: Alakazam
|-damage|p1a: Alakazam|0 fnt
|faint|p1a: Alakazam
|
|-weather|Sandstorm|[upkeep]
|-damage|p2a: Latios|10/100|[from] Sandstorm
|upkeep
|
|t:|1644090712
|switch|p1a: Landorus|Landorus-Therian, M|55/100
|-ability|p1a: Landorus|Intimidate|boost
|-unboost|p2a: Latios|atk|1
|turn|30
|
|t:|1644090719
|move|p2a: Latios|Dragon Pulse|p1a: Landorus
|-damage|p1a: Landorus|0 fnt
|faint|p1a: Landorus
|
|-weather|Sandstorm|[upkeep]
|-damage|p2a: Latios|4/100|[from] Sandstorm
|upkeep
|
|t:|1644090724
|switch|p1a: Rotom|Rotom-Wash|48/100
|turn|31
|
|t:|1644090730
|move|p2a: Latios|Dragon Pulse|p1a: Rotom
|-crit|p1a: Rotom
|-damage|p1a: Rotom|0 fnt
|faint|p1a: Rotom
|
|win|goodmikez
