|j|☆HaxDex
|j|☆MeteoritePkmn
|t:|1622069918
|gametype|singles
|player|p1|HaxDex|101|
|player|p2|MeteoritePkmn|palmer|
|teamsize|p1|6
|teamsize|p2|6
|gen|5
|tier|[Gen 5] LC
|rule|Species Clause: Limit one of each Pokémon
|rule|OHKO Clause: OHKO moves are banned
|rule|Moody Clause: Moody is banned
|rule|Evasion Moves Clause: Evasion moves are banned
|rule|Endless Battle Clause: Forcing endless battles is banned
|rule|HP Percentage Mod: HP is shown in percentages
|rule|Sleep Clause: Sleep-inducing moves are banned
|clearpoke
|poke|p1|Woobat, L5, F|item
|poke|p1|Archen, L5, F|item
|poke|p1|Ferroseed, L5, M|item
|poke|p1|Darumaka, L5, M|item
|poke|p1|Dwebble, L5, F|item
|poke|p1|Wooper, L5, M|item
|poke|p2|Shellder, L5, M|item
|poke|p2|Clamperl, L5, F|item
|poke|p2|Abra, L5, F|item
|poke|p2|Ferroseed, L5, F|item
|poke|p2|Mienfoo, L5, F|item
|poke|p2|Litwick, L5, F|item
|teampreview
|
|t:|1622069929
|start
|switch|p1a: Ferroseed|Ferroseed, L5, M|100/100
|switch|p2a: Litwick|Litwick, L5, F|100/100
|turn|1
|
|t:|1622069940
|switch|p1a: Darumaka|Darumaka, L5, M|100/100
|move|p2a: Litwick|Flamethrower|p1a: Darumaka
|-resisted|p1a: Darumaka
|-damage|p1a: Darumaka|74/100
|
|upkeep
|turn|2
|
|t:|1622069947
|move|p1a: Darumaka|Zen Headbutt|p2a: Litwick
|-damage|p2a: Litwick|34/100
|move|p2a: Litwick|Shadow Ball|p1a: Darumaka
|-damage|p1a: Darumaka|22/100
|
|-heal|p2a: Litwick|39/100|[from] item: Leftovers
|upkeep
|turn|3
|
|t:|1622069956
|move|p1a: Darumaka|Zen Headbutt|p2a: Litwick
|-damage|p2a: Litwick|0 fnt
|faint|p2a: Litwick
|
|upkeep
|
|t:|1622069959
|switch|p2a: Clamperl|Clamperl, L5, F|100/100
|turn|4
|
|t:|1622069966
|move|p1a: Darumaka|Zen Headbutt|p2a: Clamperl
|-crit|p2a: Clamperl
|-damage|p2a: Clamperl|0 fnt
|faint|p2a: Clamperl
|
|upkeep
|c|☆MeteoritePkmn|otro critico wtf
|
|t:|1622069975
|switch|p2a: Mienfoo|Mienfoo, L5, F|100/100
|turn|5
|
|t:|1622069980
|switch|p1a: Ferroseed|Ferroseed, L5, M|100/100
|move|p2a: Mienfoo|Fake Out|p1a: Ferroseed
|-resisted|p1a: Ferroseed
|-damage|p1a: Ferroseed|90/100
|-damage|p2a: Mienfoo|91/100|[from] ability: Iron Barbs|[of] p1a: Ferroseed
|-damage|p2a: Mienfoo|77/100|[from] item: Rocky Helmet|[of] p1a: Ferroseed
|
|upkeep
|turn|6
|
|t:|1622069986
|switch|p2a: Ferroseed|Ferroseed, L5, F|100/100
|move|p1a: Ferroseed|Stealth Rock|p2a: Ferroseed
|-sidestart|p2: MeteoritePkmn|move: Stealth Rock
|
|upkeep
|turn|7
|
|t:|1622069992
|switch|p1a: Darumaka|Darumaka, L5, M|22/100
|move|p2a: Ferroseed|Curse|p2a: Ferroseed
|-unboost|p2a: Ferroseed|spe|1
|-boost|p2a: Ferroseed|atk|1
|-boost|p2a: Ferroseed|def|1
|
|upkeep
|turn|8
|
|t:|1622069998
|move|p1a: Darumaka|Flare Blitz|p2a: Ferroseed
|-supereffective|p2a: Ferroseed
|-damage|p2a: Ferroseed|0 fnt
|-damage|p1a: Darumaka|14/100|[from] ability: Iron Barbs|[of] p2a: Ferroseed
|faint|p2a: Ferroseed
|-damage|p1a: Darumaka|0 fnt|[from] Recoil
|faint|p1a: Darumaka
|
|upkeep
|
|t:|1622070015
|switch|p1a: Dwebble|Dwebble, L5, F|100/100
|switch|p2a: Shellder|Shellder, L5, M|100/100
|-damage|p2a: Shellder|90/100|[from] Stealth Rock
|turn|9
|
|t:|1622070025
|move|p1a: Dwebble|X-Scissor|p2a: Shellder
|-damage|p2a: Shellder|37/100
|move|p2a: Shellder|Shell Smash|p2a: Shellder
|-unboost|p2a: Shellder|def|1
|-unboost|p2a: Shellder|spd|1
|-boost|p2a: Shellder|atk|2
|-boost|p2a: Shellder|spa|2
|-boost|p2a: Shellder|spe|2
|-enditem|p2a: Shellder|White Herb
|-clearnegativeboost|p2a: Shellder|[silent]
|
|upkeep
|turn|10
|
|t:|1622070029
|move|p2a: Shellder|Rock Blast|p1a: Dwebble
|-supereffective|p1a: Dwebble
|-damage|p1a: Dwebble|53/100
|-supereffective|p1a: Dwebble
|-damage|p1a: Dwebble|5/100
|-supereffective|p1a: Dwebble
|-damage|p1a: Dwebble|0 fnt
|faint|p1a: Dwebble
|-hitcount|p1: Dwebble|3
|
|upkeep
|
|t:|1622070036
|switch|p1a: Wooper|Wooper, L5, M|100/100
|turn|11
|c|☆MeteoritePkmn|ahora si skill link
|
|t:|1622070039
|move|p2a: Shellder|Icicle Spear|p1a: Wooper
|-damage|p1a: Wooper|78/100
|-damage|p1a: Wooper|55/100
|-damage|p1a: Wooper|32/100
|-damage|p1a: Wooper|10/100
|-crit|p1a: Wooper
|-damage|p1a: Wooper|0 fnt
|faint|p1a: Wooper
|-hitcount|p1: Wooper|5
|
|upkeep
|
|t:|1622070046
|switch|p1a: Ferroseed|Ferroseed, L5, M|90/100
|turn|12
|
|t:|1622070049
|move|p2a: Shellder|Icicle Spear|p1a: Ferroseed
|-damage|p1a: Ferroseed|70/100
|-crit|p1a: Ferroseed
|-damage|p1a: Ferroseed|25/100
|-damage|p1a: Ferroseed|5/100
|-damage|p1a: Ferroseed|0 fnt
|faint|p1a: Ferroseed
|-hitcount|p1: Ferroseed|4
|
|upkeep
|
|t:|1622070055
|switch|p1a: Woobat|Woobat, L5, F|100/100
|turn|13
|
|t:|1622070059
|move|p2a: Shellder|Icicle Spear|p1a: Woobat
|-supereffective|p1a: Woobat
|-damage|p1a: Woobat|37/100
|-supereffective|p1a: Woobat
|-damage|p1a: Woobat|0 fnt
|faint|p1a: Woobat
|-hitcount|p1: Woobat|2
|
|upkeep
|
|t:|1622070062
|switch|p1a: Archen|Archen, L5, F|100/100
|turn|14
|c|☆MeteoritePkmn|gg
|
|t:|1622070066
|move|p2a: Shellder|Icicle Spear|p1a: Archen
|-supereffective|p1a: Archen
|-damage|p1a: Archen|37/100
|-supereffective|p1a: Archen
|-damage|p1a: Archen|0 fnt
|faint|p1a: Archen
|-hitcount|p1: Archen|2
|
|win|MeteoritePkmn
|c|☆HaxDex|gg
|l|☆HaxDex
