|j|☆Deathbringer5
|j|☆snof2
|t:|1644125345
|gametype|singles
|player|p1|Deathbringer5|sabrina|1465
|player|p2|snof2|170|1477
|teamsize|p1|6
|teamsize|p2|6
|gen|5
|tier|[Gen 5] OU
|rated|
|rule|Species Clause: Limit one of each Pokémon
|rule|OHKO Clause: OHKO moves are banned
|rule|Moody Clause: Moody is banned
|rule|Evasion Moves Clause: Evasion moves are banned
|rule|Endless Battle Clause: Forcing endless battles is banned
|rule|HP Percentage Mod: HP is shown in percentages
|rule|Evasion Abilities Clause: Evasion abilities are banned
|rule|Sleep Clause: Sleep-inducing moves are banned
|rule|Swagger Clause: Swagger is banned
|clearpoke
|poke|p1|Garchomp, M|item
|poke|p1|Latios, M|item
|poke|p1|Dragonite, M|item
|poke|p1|Jirachi|item
|poke|p1|Magnezone|item
|poke|p1|Kyurem-Black|item
|poke|p2|Garchomp, F|item
|poke|p2|Starmie|item
|poke|p2|Terrakion|item
|poke|p2|Scizor, F|item
|poke|p2|Zapdos|item
|poke|p2|Celebi|item
|teampreview
|j| SKT T1 Motherfaker
|
|t:|1644125357
|start
|switch|p1a: Jirachi|Jirachi|100/100
|switch|p2a: Garchomp|Garchomp, F|100/100
|turn|1
|
|t:|1644125363
|move|p2a: Garchomp|Earthquake|p1a: Jirachi
|-supereffective|p1a: Jirachi
|-damage|p1a: Jirachi|9/100
|-damage|p2a: Garchomp|91/100|[from] item: Life Orb
|move|p1a: Jirachi|Icy Wind|p2a: Garchomp
|-supereffective|p2a: Garchomp
|-damage|p2a: Garchomp|25/100
|-unboost|p2a: Garchomp|spe|1
|
|-heal|p1a: Jirachi|15/100|[from] item: Leftovers
|upkeep
|turn|2
|
|t:|1644125376
|switch|p2a: Zapdos|Zapdos|100/100
|-ability|p2a: Zapdos|Pressure
|move|p1a: Jirachi|Icy Wind|p2a: Zapdos
|-supereffective|p2a: Zapdos
|-damage|p2a: Zapdos|82/100
|-unboost|p2a: Zapdos|spe|1
|
|-heal|p1a: Jirachi|22/100|[from] item: Leftovers
|-heal|p2a: Zapdos|88/100|[from] item: Leftovers
|upkeep
|turn|3
|
|t:|1644125394
|move|p1a: Jirachi|U-turn|p2a: Zapdos
|-resisted|p2a: Zapdos
|-damage|p2a: Zapdos|81/100
|
|t:|1644125397
|switch|p1a: Garchomp|Garchomp, M|100/100|[from]move: U-turn
|move|p2a: Zapdos|Volt Switch|p1a: Garchomp
|-immune|p1a: Garchomp
|
|-heal|p2a: Zapdos|87/100|[from] item: Leftovers
|upkeep
|turn|4
|
|t:|1644125402
|move|p1a: Garchomp|Outrage|p2a: Zapdos
|-damage|p2a: Zapdos|24/100
|move|p2a: Zapdos|Hidden Power|p1a: Garchomp
|-supereffective|p1a: Garchomp
|-damage|p1a: Garchomp|18/100
|
|-heal|p2a: Zapdos|30/100|[from] item: Leftovers
|upkeep
|turn|5
|
|t:|1644125407
|switch|p2a: Scizor|Scizor, F|100/100
|move|p1a: Garchomp|Outrage|p2a: Scizor|[from]lockedmove
|-resisted|p2a: Scizor
|-damage|p2a: Scizor|67/100
|-start|p1a: Garchomp|confusion|[fatigue]
|
|upkeep
|turn|6
|
|t:|1644125437
|switch|p1a: Magnezone|Magnezone|100/100
|-item|p1a: Magnezone|Air Balloon
|move|p2a: Scizor|U-turn|p1a: Magnezone
|-resisted|p1a: Magnezone
|-damage|p1a: Magnezone|66/100
|-enditem|p1a: Magnezone|Air Balloon
|
|t:|1644125444
|switch|p2a: Zapdos|Zapdos|30/100|[from]move: U-turn
|-ability|p2a: Zapdos|Pressure
|
|-heal|p2a: Zapdos|36/100|[from] item: Leftovers
|upkeep
|turn|7
|
|t:|1644125463
|move|p2a: Zapdos|Roost|p2a: Zapdos
|-heal|p2a: Zapdos|86/100
|-singleturn|p2a: Zapdos|move: Roost
|move|p1a: Magnezone|Thunderbolt|p2a: Zapdos
|-resisted|p2a: Zapdos
|-damage|p2a: Zapdos|69/100
|
|-heal|p2a: Zapdos|75/100|[from] item: Leftovers
|upkeep
|turn|8
|
|t:|1644125491
|switch|p1a: Jirachi|Jirachi|22/100
|move|p2a: Zapdos|Heat Wave|p1a: Jirachi
|-supereffective|p1a: Jirachi
|-damage|p1a: Jirachi|0 fnt
|faint|p1a: Jirachi
|
|-heal|p2a: Zapdos|81/100|[from] item: Leftovers
|upkeep
|
|t:|1644125513
|switch|p1a: Garchomp|Garchomp, M|18/100
|turn|9
|
|t:|1644125519
|move|p1a: Garchomp|Outrage|p2a: Zapdos
|-damage|p2a: Zapdos|18/100
|move|p2a: Zapdos|Hidden Power|p1a: Garchomp
|-supereffective|p1a: Garchomp
|-damage|p1a: Garchomp|0 fnt
|faint|p1a: Garchomp
|
|-heal|p2a: Zapdos|24/100|[from] item: Leftovers
|upkeep
|
|t:|1644125529
|switch|p1a: Latios|Latios, M|100/100
|turn|10
|
|t:|1644125537
|switch|p2a: Celebi|Celebi|100/100
|move|p1a: Latios|Draco Meteor|p2a: Celebi|[miss]
|-miss|p1a: Latios|p2a: Celebi
|
|upkeep
|turn|11
|-message|Deathbringer5 forfeited.
|
|win|snof2
|raw|Deathbringer5's rating: 1476 &rarr; <strong>1456</strong><br />(-20 for losing)
|raw|snof2's rating: 1477 &rarr; <strong>1497</strong><br />(+20 for winning)
|l|☆Deathbringer5
|l|☆snof2
