|j|☆Abhk 六
|j|☆Filistata
|t:|1635505171
|gametype|singles
|player|p1|Abhk 六|volkner|
|player|p2|Filistata|aromalady-gen3|
|teamsize|p1|6
|teamsize|p2|6
|gen|5
|tier|[Gen 5] UU
|rated|Tournament battle
|rule|Species Clause: Limit one of each Pokémon
|rule|OHKO Clause: OHKO moves are banned
|rule|Moody Clause: Moody is banned
|rule|Evasion Moves Clause: Evasion moves are banned
|rule|Endless Battle Clause: Forcing endless battles is banned
|rule|HP Percentage Mod: HP is shown in percentages
|rule|Evasion Abilities Clause: Evasion abilities are banned
|rule|Baton Pass Clause: Limit one Baton Passer, can't pass Spe and other stats simultaneously
|rule|Swagger Clause: Swagger is banned
|rule|Sleep Clause Mod: Limit one foe put to sleep
|clearpoke
|poke|p1|Zapdos|item
|poke|p1|Slowking, M|item
|poke|p1|Roserade, M|item
|poke|p1|Gligar, M|item
|poke|p1|Umbreon, F|item
|poke|p1|Hitmontop, M|item
|poke|p2|Victini|item
|poke|p2|Swampert, F|item
|poke|p2|Roserade, M|item
|poke|p2|Hitmontop, M|item
|poke|p2|Cofagrigus, M|item
|poke|p2|Weavile, M|item
|teampreview
|j| BB-8-NU
|j| skimmythegod
|j| FreezermanCrybaby
|c|☆Abhk 六|Glhf!
|c| skimmythegod|bw mainer abhk
|
|t:|1635505242
|start
|switch|p1a: Roserade|Roserade, M|100/100
|switch|p2a: Victini|Victini|100/100
|turn|1
|j| Thegamingattack3
|
|t:|1635505278
|switch|p1a: Gligar|Gligar, M|100/100
|move|p2a: Victini|Blue Flare|p1a: Gligar
|-damage|p1a: Gligar|45/100
|
|upkeep
|turn|2
|
|t:|1635505290
|switch|p1a: Slowking|Slowking, M|100/100
|move|p2a: Victini|U-turn|p1a: Slowking
|-supereffective|p1a: Slowking
|-crit|p1a: Slowking
|-damage|p1a: Slowking|58/100
|
|t:|1635505315
|switch|p2a: Weavile|Weavile, M|100/100|[from]move: U-turn
|
|-heal|p1a: Slowking|64/100|[from] item: Leftovers
|upkeep
|turn|3
|
|t:|1635505323
|-activate|p1a: Slowking|move: Pursuit
|move|p2a: Weavile|Pursuit|p1a: Slowking|[from]Pursuit
|-supereffective|p1a: Slowking
|-damage|p1a: Slowking|0 fnt
|faint|p1a: Slowking
|-hint|A Pokemon can't switch between when it runs out of HP and when it faints
|
|upkeep
|
|t:|1635505350
|switch|p1a: Hitmontop|Hitmontop, M|100/100
|-ability|p1a: Hitmontop|Intimidate|boost
|-unboost|p2a: Weavile|atk|1
|turn|4
|
|t:|1635505368
|switch|p2a: Swampert|Swampert, F|100/100
|move|p1a: Hitmontop|Toxic|p2a: Swampert
|-status|p2a: Swampert|tox
|
|-damage|p2a: Swampert|94/100 tox|[from] psn
|upkeep
|turn|5
|l| FreezermanCrybaby
|
|t:|1635505377
|switch|p1a: Roserade|Roserade, M|100/100
|move|p2a: Swampert|Earthquake|p1a: Roserade
|-damage|p1a: Roserade|34/100
|
|-heal|p1a: Roserade|40/100|[from] item: Black Sludge
|-heal|p2a: Swampert|100/100 tox|[from] item: Leftovers
|-damage|p2a: Swampert|88/100 tox|[from] psn
|upkeep
|turn|6
|
|t:|1635505389
|switch|p2a: Victini|Victini|100/100
|move|p1a: Roserade|Giga Drain|p2a: Victini
|-resisted|p2a: Victini
|-damage|p2a: Victini|84/100
|-heal|p1a: Roserade|49/100|[from] drain|[of] p2a: Victini
|
|-heal|p1a: Roserade|56/100|[from] item: Black Sludge
|upkeep
|turn|7
|
|t:|1635505434
|switch|p1a: Umbreon|Umbreon, F|100/100
|move|p2a: Victini|Blue Flare|p1a: Umbreon
|-damage|p1a: Umbreon|72/100
|
|-heal|p1a: Umbreon|78/100|[from] item: Leftovers
|upkeep
|turn|8
|j| TheDarkRising
|
|t:|1635505448
|move|p2a: Victini|U-turn|p1a: Umbreon
|-supereffective|p1a: Umbreon
|-damage|p1a: Umbreon|53/100
|
|t:|1635505486
|switch|p2a: Roserade|Roserade, M|100/100|[from]move: U-turn
|move|p1a: Umbreon|Wish|p1a: Umbreon
|
|-heal|p1a: Umbreon|59/100|[from] item: Leftovers
|upkeep
|turn|9
|
|t:|1635505497
|move|p1a: Umbreon|Protect|p1a: Umbreon
|-singleturn|p1a: Umbreon|Protect
|move|p2a: Roserade|Sleep Powder|p1a: Umbreon
|-activate|p1a: Umbreon|move: Protect
|
|-heal|p1a: Umbreon|100/100|[from] move: Wish|[wisher] Umbreon
|upkeep
|turn|10
|
|t:|1635505530
|switch|p1a: Roserade|Roserade, M|56/100
|move|p2a: Roserade|Toxic Spikes|p1a: Roserade
|-sidestart|p1: Abhk 六|move: Toxic Spikes
|
|-heal|p1a: Roserade|62/100|[from] item: Black Sludge
|upkeep
|turn|11
|
|t:|1635505538
|switch|p2a: Victini|Victini|84/100
|move|p1a: Roserade|Spikes|p2a: Victini
|-sidestart|p2: Filistata|Spikes
|
|-heal|p1a: Roserade|68/100|[from] item: Black Sludge
|upkeep
|turn|12
|
|t:|1635505567
|switch|p1a: Umbreon|Umbreon, F|100/100
|-status|p1a: Umbreon|psn
|move|p2a: Victini|Blue Flare|p1a: Umbreon
|-damage|p1a: Umbreon|72/100 psn
|
|-heal|p1a: Umbreon|78/100 psn|[from] item: Leftovers
|-damage|p1a: Umbreon|65/100 psn|[from] psn
|upkeep
|turn|13
|j| Tiniebla
|j| Spoonii
|l| Tiniebla
|j| certifiedboyluver
|
|t:|1635505582
|move|p2a: Victini|U-turn|p1a: Umbreon
|-supereffective|p1a: Umbreon
|-damage|p1a: Umbreon|43/100 psn
|l| certifiedboyluver
|
|t:|1635505666
|switch|p2a: Weavile|Weavile, M|100/100|[from]move: U-turn
|-damage|p2a: Weavile|88/100|[from] Spikes
|move|p1a: Umbreon|Wish|p1a: Umbreon
|
|-heal|p1a: Umbreon|49/100 psn|[from] item: Leftovers
|-damage|p1a: Umbreon|37/100 psn|[from] psn
|upkeep
|turn|14
|
|t:|1635505678
|move|p1a: Umbreon|Protect|p1a: Umbreon
|-singleturn|p1a: Umbreon|Protect
|move|p2a: Weavile|Ice Punch|p1a: Umbreon
|-activate|p1a: Umbreon|move: Protect
|
|-heal|p1a: Umbreon|87/100 psn|[from] move: Wish|[wisher] Umbreon
|-heal|p1a: Umbreon|93/100 psn|[from] item: Leftovers
|-damage|p1a: Umbreon|81/100 psn|[from] psn
|upkeep
|turn|15
|
|t:|1635505690
|move|p2a: Weavile|Ice Punch|p1a: Umbreon
|-damage|p1a: Umbreon|36/100 psn
|move|p1a: Umbreon|Heal Bell|p1a: Umbreon
|-activate|p1a: Umbreon|move: Heal Bell
|-curestatus|p1a: Umbreon|psn|[msg]
|
|-heal|p1a: Umbreon|42/100|[from] item: Leftovers
|upkeep
|turn|16
|
|t:|1635505735
|move|p1a: Umbreon|Protect|p1a: Umbreon
|-singleturn|p1a: Umbreon|Protect
|move|p2a: Weavile|Ice Punch|p1a: Umbreon
|-activate|p1a: Umbreon|move: Protect
|
|-heal|p1a: Umbreon|48/100|[from] item: Leftovers
|upkeep
|turn|17
|
|t:|1635505788
|move|p2a: Weavile|Ice Punch|p1a: Umbreon
|-damage|p1a: Umbreon|8/100
|move|p1a: Umbreon|Wish|p1a: Umbreon
|
|-heal|p1a: Umbreon|14/100|[from] item: Leftovers
|upkeep
|turn|18
|j| BigChuchu
|
|t:|1635505815
|move|p1a: Umbreon|Protect|p1a: Umbreon
|-singleturn|p1a: Umbreon|Protect
|move|p2a: Weavile|Ice Punch|p1a: Umbreon
|-activate|p1a: Umbreon|move: Protect
|
|-heal|p1a: Umbreon|64/100|[from] move: Wish|[wisher] Umbreon
|-heal|p1a: Umbreon|70/100|[from] item: Leftovers
|upkeep
|turn|19
|
|t:|1635505826
|move|p2a: Weavile|Ice Punch|p1a: Umbreon
|-damage|p1a: Umbreon|29/100
|move|p1a: Umbreon|Wish|p1a: Umbreon
|
|-heal|p1a: Umbreon|35/100|[from] item: Leftovers
|upkeep
|turn|20
|
|t:|1635505835
|switch|p2a: Hitmontop|Hitmontop, M|100/100
|-damage|p2a: Hitmontop|88/100|[from] Spikes
|-ability|p2a: Hitmontop|Intimidate|boost
|-unboost|p1a: Umbreon|atk|1
|move|p1a: Umbreon|Protect||[still]
|-fail|p1a: Umbreon
|
|-heal|p1a: Umbreon|85/100|[from] move: Wish|[wisher] Umbreon
|-heal|p2a: Hitmontop|94/100|[from] item: Leftovers
|-heal|p1a: Umbreon|91/100|[from] item: Leftovers
|upkeep
|turn|21
|
|t:|1635505848
|move|p1a: Umbreon|Protect|p1a: Umbreon
|-singleturn|p1a: Umbreon|Protect
|move|p2a: Hitmontop|Rapid Spin|p1a: Umbreon
|-activate|p1a: Umbreon|move: Protect
|
|-heal|p2a: Hitmontop|99/100|[from] item: Leftovers
|-heal|p1a: Umbreon|97/100|[from] item: Leftovers
|upkeep
|turn|22
|
|t:|1635505858
|switch|p1a: Roserade|Roserade, M|68/100
|-sideend|p1: Abhk 六|move: Toxic Spikes|[of] p1a: Roserade
|move|p2a: Hitmontop|Rapid Spin|p1a: Roserade
|-crit|p1a: Roserade
|-damage|p1a: Roserade|53/100
|-sideend|p2: Filistata|Spikes|[from] move: Rapid Spin|[of] p2a: Hitmontop
|
|-heal|p1a: Roserade|59/100|[from] item: Black Sludge
|-heal|p2a: Hitmontop|100/100|[from] item: Leftovers
|upkeep
|turn|23
|
|t:|1635505887
|switch|p2a: Victini|Victini|84/100
|move|p1a: Roserade|Spikes|p2a: Victini
|-sidestart|p2: Filistata|Spikes
|
|-heal|p1a: Roserade|65/100|[from] item: Black Sludge
|upkeep
|turn|24
|c| BigChuchu|it's one sided atm
|
|t:|1635505901
|switch|p1a: Umbreon|Umbreon, F|97/100
|move|p2a: Victini|U-turn|p1a: Umbreon
|-supereffective|p1a: Umbreon
|-damage|p1a: Umbreon|74/100
|
|t:|1635505903
|switch|p2a: Roserade|Roserade, M|100/100|[from]move: U-turn
|-damage|p2a: Roserade|88/100|[from] Spikes
|
|-heal|p2a: Roserade|94/100|[from] item: Black Sludge
|-heal|p1a: Umbreon|80/100|[from] item: Leftovers
|upkeep
|turn|25
|c| skimmythegod|bw mainer abhk wont lose
|
|t:|1635505915
|move|p1a: Umbreon|Protect|p1a: Umbreon
|-singleturn|p1a: Umbreon|Protect
|move|p2a: Roserade|Sleep Powder|p1a: Umbreon
|-activate|p1a: Umbreon|move: Protect
|
|-heal|p2a: Roserade|100/100|[from] item: Black Sludge
|-heal|p1a: Umbreon|86/100|[from] item: Leftovers
|upkeep
|turn|26
|c| skimmythegod|he has the spike up
|
|t:|1635505939
|switch|p1a: Hitmontop|Hitmontop, M|100/100
|-ability|p1a: Hitmontop|Intimidate|boost
|-unboost|p2a: Roserade|atk|1
|move|p2a: Roserade|Sleep Powder|p1a: Hitmontop
|-status|p1a: Hitmontop|slp|[from] move: Sleep Powder
|
|upkeep
|turn|27
|
|t:|1635505949
|switch|p1a: Roserade|Roserade, M|65/100
|move|p2a: Roserade|Sludge Bomb|p1a: Roserade
|-damage|p1a: Roserade|37/100
|
|-heal|p1a: Roserade|44/100|[from] item: Black Sludge
|upkeep
|turn|28
|
|t:|1635505967
|move|p1a: Roserade|Rest|p1a: Roserade
|-status|p1a: Roserade|slp|[from] move: Rest
|-heal|p1a: Roserade|100/100 slp|[silent]
|move|p2a: Roserade|Sludge Bomb|p1a: Roserade
|-damage|p1a: Roserade|70/100 slp
|
|-heal|p1a: Roserade|76/100 slp|[from] item: Black Sludge
|upkeep
|turn|29
|
|t:|1635505974
|-curestatus|p1a: Roserade|slp|[from] ability: Natural Cure
|switch|p1a: Umbreon|Umbreon, F|86/100
|move|p2a: Roserade|Toxic Spikes|p1a: Umbreon
|-sidestart|p1: Abhk 六|move: Toxic Spikes
|
|-heal|p1a: Umbreon|92/100|[from] item: Leftovers
|upkeep
|turn|30
|l| Thegamingattack3
|
|t:|1635505985
|move|p2a: Roserade|Sludge Bomb|p1a: Umbreon
|-damage|p1a: Umbreon|73/100
|-status|p1a: Umbreon|psn
|-activate|p1a: Umbreon|ability: Synchronize
|-immune|p2a: Roserade
|move|p1a: Umbreon|Foul Play|p2a: Roserade
|-damage|p2a: Roserade|79/100
|
|-heal|p2a: Roserade|85/100|[from] item: Black Sludge
|-heal|p1a: Umbreon|79/100 psn|[from] item: Leftovers
|-damage|p1a: Umbreon|67/100 psn|[from] psn
|upkeep
|turn|31
|
|t:|1635506001
|switch|p2a: Weavile|Weavile, M|88/100
|-damage|p2a: Weavile|76/100|[from] Spikes
|move|p1a: Umbreon|Heal Bell|p1a: Umbreon
|-activate|p1a: Umbreon|move: Heal Bell
|-curestatus|p1a: Umbreon|psn|[msg]
|-curestatus|p1: Hitmontop|slp|[msg]
|
|-heal|p1a: Umbreon|73/100|[from] item: Leftovers
|upkeep
|turn|32
|
|t:|1635506014
|switch|p1a: Hitmontop|Hitmontop, M|100/100
|-status|p1a: Hitmontop|psn
|-ability|p1a: Hitmontop|Intimidate|boost
|-unboost|p2a: Weavile|atk|1
|move|p2a: Weavile|Ice Punch|p1a: Hitmontop
|-damage|p1a: Hitmontop|70/100 psn
|
|-heal|p1a: Hitmontop|76/100 psn|[from] item: Leftovers
|-damage|p1a: Hitmontop|63/100 psn|[from] psn
|upkeep
|turn|33
|
|t:|1635506039
|switch|p2a: Roserade|Roserade, M|85/100
|-damage|p2a: Roserade|73/100|[from] Spikes
|move|p1a: Hitmontop|Close Combat|p2a: Roserade
|-resisted|p2a: Roserade
|-damage|p2a: Roserade|38/100
|-unboost|p1a: Hitmontop|def|1
|-unboost|p1a: Hitmontop|spd|1
|
|-heal|p2a: Roserade|45/100|[from] item: Black Sludge
|-heal|p1a: Hitmontop|70/100 psn|[from] item: Leftovers
|-damage|p1a: Hitmontop|57/100 psn|[from] psn
|upkeep
|turn|34
|
|t:|1635506055
|switch|p1a: Roserade|Roserade, M|76/100
|-sideend|p1: Abhk 六|move: Toxic Spikes|[of] p1a: Roserade
|move|p2a: Roserade|Toxic Spikes|p1a: Roserade
|-sidestart|p1: Abhk 六|move: Toxic Spikes
|
|-heal|p1a: Roserade|82/100|[from] item: Black Sludge
|-heal|p2a: Roserade|51/100|[from] item: Black Sludge
|upkeep
|turn|35
|
|t:|1635506067
|move|p1a: Roserade|Spikes|p2a: Roserade
|-sidestart|p2: Filistata|Spikes
|move|p2a: Roserade|Sleep Powder|p1a: Roserade
|-status|p1a: Roserade|slp|[from] move: Sleep Powder
|
|-heal|p1a: Roserade|88/100 slp|[from] item: Black Sludge
|-heal|p2a: Roserade|57/100|[from] item: Black Sludge
|upkeep
|turn|36
|c| BigChuchu|gen5 grass no immune to powder?
|
|t:|1635506088
|-curestatus|p1a: Roserade|slp|[from] ability: Natural Cure
|switch|p1a: Umbreon|Umbreon, F|73/100
|-status|p1a: Umbreon|psn
|switch|p2a: Hitmontop|Hitmontop, M|100/100
|-damage|p2a: Hitmontop|84/100|[from] Spikes
|-ability|p2a: Hitmontop|Intimidate|boost
|-unboost|p1a: Umbreon|atk|1
|
|-heal|p2a: Hitmontop|90/100|[from] item: Leftovers
|-heal|p1a: Umbreon|79/100 psn|[from] item: Leftovers
|-damage|p1a: Umbreon|66/100 psn|[from] psn
|upkeep
|turn|37
|
|t:|1635506100
|switch|p1a: Roserade|Roserade, M|88/100
|-sideend|p1: Abhk 六|move: Toxic Spikes|[of] p1a: Roserade
|move|p2a: Hitmontop|Rapid Spin|p1a: Roserade
|-damage|p1a: Roserade|80/100
|-sideend|p2: Filistata|Spikes|[from] move: Rapid Spin|[of] p2a: Hitmontop
|
|-heal|p1a: Roserade|87/100|[from] item: Black Sludge
|-heal|p2a: Hitmontop|96/100|[from] item: Leftovers
|upkeep
|turn|38
|
|t:|1635506108
|switch|p2a: Victini|Victini|84/100
|move|p1a: Roserade|Spikes|p2a: Victini
|-sidestart|p2: Filistata|Spikes
|
|-heal|p1a: Roserade|93/100|[from] item: Black Sludge
|upkeep
|turn|39
|
|t:|1635506126
|switch|p1a: Umbreon|Umbreon, F|66/100 psn
|move|p2a: Victini|U-turn|p1a: Umbreon
|-supereffective|p1a: Umbreon
|-crit|p1a: Umbreon
|-damage|p1a: Umbreon|18/100 psn
|
|t:|1635506131
|switch|p2a: Weavile|Weavile, M|76/100|[from]move: U-turn
|-damage|p2a: Weavile|63/100|[from] Spikes
|
|-heal|p1a: Umbreon|24/100 psn|[from] item: Leftovers
|-damage|p1a: Umbreon|12/100 psn|[from] psn
|upkeep
|turn|40
|c|☆Abhk 六|Gg
|
|t:|1635506153
|switch|p1a: Gligar|Gligar, M|45/100
|move|p2a: Weavile|Ice Punch|p1a: Gligar
|-supereffective|p1a: Gligar
|-damage|p1a: Gligar|0 fnt
|faint|p1a: Gligar
|
|upkeep
|
|t:|1635506158
|switch|p1a: Hitmontop|Hitmontop, M|57/100 psn
|-ability|p1a: Hitmontop|Intimidate|boost
|-unboost|p2a: Weavile|atk|1
|turn|41
|
|t:|1635506165
|switch|p2a: Cofagrigus|Cofagrigus, M|100/100
|-damage|p2a: Cofagrigus|88/100|[from] Spikes
|move|p1a: Hitmontop|Rest|p1a: Hitmontop
|-status|p1a: Hitmontop|slp|[from] move: Rest
|-heal|p1a: Hitmontop|100/100 slp|[silent]
|
|-heal|p2a: Cofagrigus|94/100|[from] item: Leftovers
|upkeep
|turn|42
|
|t:|1635506172
|switch|p1a: Roserade|Roserade, M|93/100
|move|p2a: Cofagrigus|Nasty Plot|p2a: Cofagrigus
|-boost|p2a: Cofagrigus|spa|2
|
|-heal|p1a: Roserade|99/100|[from] item: Black Sludge
|-heal|p2a: Cofagrigus|100/100|[from] item: Leftovers
|upkeep
|turn|43
|
|t:|1635506179
|move|p1a: Roserade|Spikes|p2a: Cofagrigus
|-sidestart|p2: Filistata|Spikes
|move|p2a: Cofagrigus|Shadow Ball|p1a: Roserade
|-damage|p1a: Roserade|44/100
|
|-heal|p1a: Roserade|50/100|[from] item: Black Sludge
|upkeep
|turn|44
|
|t:|1635506194
|move|p1a: Roserade|Sludge Bomb|p2a: Cofagrigus
|-resisted|p2a: Cofagrigus
|-damage|p2a: Cofagrigus|83/100
|move|p2a: Cofagrigus|Shadow Ball|p1a: Roserade
|-damage|p1a: Roserade|0 fnt
|faint|p1a: Roserade
|
|-heal|p2a: Cofagrigus|89/100|[from] item: Leftovers
|upkeep
|
|t:|1635506215
|switch|p1a: Umbreon|Umbreon, F|12/100 psn
|turn|45
|c|☆Filistata|gg
|
|t:|1635506220
|move|p1a: Umbreon|Foul Play|p2a: Cofagrigus
|-supereffective|p2a: Cofagrigus
|-damage|p2a: Cofagrigus|66/100
|-activate|p2a: Cofagrigus|ability: Mummy|Synchronize|[of] p1a: Umbreon
|move|p2a: Cofagrigus|Hidden Power|p1a: Umbreon
|-supereffective|p1a: Umbreon
|-damage|p1a: Umbreon|0 fnt
|faint|p1a: Umbreon
|
|-heal|p2a: Cofagrigus|72/100|[from] item: Leftovers
|upkeep
|
|t:|1635506231
|switch|p1a: Zapdos|Zapdos|100/100
|-ability|p1a: Zapdos|Pressure
|turn|46
|
|t:|1635506235
|move|p1a: Zapdos|Thunderbolt|p2a: Cofagrigus
|-damage|p2a: Cofagrigus|29/100
|move|p2a: Cofagrigus|Shadow Ball|p1a: Zapdos
|-damage|p1a: Zapdos|35/100
|
|-heal|p1a: Zapdos|41/100|[from] item: Leftovers
|-heal|p2a: Cofagrigus|35/100|[from] item: Leftovers
|upkeep
|turn|47
|l| skimmythegod
|
|t:|1635506246
|move|p1a: Zapdos|Thunderbolt|p2a: Cofagrigus
|-crit|p2a: Cofagrigus
|-damage|p2a: Cofagrigus|0 fnt
|faint|p2a: Cofagrigus
|
|-heal|p1a: Zapdos|47/100|[from] item: Leftovers
|upkeep
|
|t:|1635506252
|switch|p2a: Victini|Victini|84/100
|-damage|p2a: Victini|67/100|[from] Spikes
|turn|48
|j| Cinnmma ♫ ♫
|
|t:|1635506260
|switch|p1a: Hitmontop|Hitmontop, M|100/100 slp
|-ability|p1a: Hitmontop|Intimidate|boost
|-unboost|p2a: Victini|atk|1
|move|p2a: Victini|Blue Flare|p1a: Hitmontop
|-damage|p1a: Hitmontop|42/100 slp
|
|-heal|p1a: Hitmontop|48/100 slp|[from] item: Leftovers
|upkeep
|turn|49
|
|t:|1635506269
|move|p2a: Victini|Psyshock|p1a: Hitmontop
|-supereffective|p1a: Hitmontop
|-damage|p1a: Hitmontop|0 fnt
|faint|p1a: Hitmontop
|
|upkeep
|
|t:|1635506272
|switch|p1a: Zapdos|Zapdos|47/100
|-ability|p1a: Zapdos|Pressure
|turn|50
|
|t:|1635506275
|move|p2a: Victini|Blue Flare|p1a: Zapdos
|-damage|p1a: Zapdos|0 fnt
|faint|p1a: Zapdos
|
|win|Filistata
|n|☆Abhk 六|abhk
|n|☆Filistata|filistata
|n| BB-8-NU|bb8nu
|n| TheDarkRising|thedarkrising
|n| Spoonii|spoonii
|n| BigChuchu|bigchuchu
|n| Cinnmma ♫ ♫|cinnmma
|l| BB-8-NU
|l| BigChuchu
|l|☆Filistata
|l| Cinnmma ♫ ♫
|l| Spoonii
|l|☆Abhk 六
|l| TheDarkRising
|j| TheDarkRising
