|j|‽yaszou
|j|☆itmesm
|t:|1644087369
|gametype|singles
|player|p1|yaszou|265|1394
|player|p2|itmesm|hiker-gen4|1364
|teamsize|p1|6
|teamsize|p2|6
|gen|5
|tier|[Gen 5] OU
|rated|
|rule|Species Clause: Limit one of each Pokémon
|rule|OHKO Clause: OHKO moves are banned
|rule|Moody Clause: Moody is banned
|rule|Evasion Moves Clause: Evasion moves are banned
|rule|Endless Battle Clause: Forcing endless battles is banned
|rule|HP Percentage Mod: HP is shown in percentages
|rule|Evasion Abilities Clause: Evasion abilities are banned
|rule|Sleep Clause: Sleep-inducing moves are banned
|rule|Swagger Clause: Swagger is banned
|clearpoke
|poke|p1|Excadrill, F|item
|poke|p1|Skarmory, F|item
|poke|p1|Amoonguss, F|item
|poke|p1|Magnezone|item
|poke|p1|Chansey, F|item
|poke|p1|Slowbro, M|item
|poke|p2|Politoed, F|item
|poke|p2|Tentacruel, F|item
|poke|p2|Quagsire, F|item
|poke|p2|Togekiss, F|item
|poke|p2|Breloom, F|item
|poke|p2|Magneton|item
|teampreview
|
|t:|1644087411
|start
|switch|p1a: Excadrill|Excadrill, F|100/100
|switch|p2a: Politoed|Politoed, F, shiny|100/100
|-ability|p1a: Excadrill|Mold Breaker
|-weather|RainDance|[from] ability: Drizzle|[of] p2a: Politoed
|turn|1
|
|t:|1644087418
|switch|p1a: Chansey|Chansey, F|100/100
|move|p2a: Politoed|Scald|p1a: Chansey
|-damage|p1a: Chansey|89/100
|
|-weather|RainDance|[upkeep]
|upkeep
|turn|2
|j| Dababy3
|
|t:|1644087425
|switch|p2a: Tentacruel|Tentacruel, F, shiny|100/100
|move|p1a: Chansey|Toxic|p2a: Tentacruel
|-immune|p2a: Tentacruel
|
|-weather|RainDance|[upkeep]
|upkeep
|turn|3
|
|t:|1644087428
|switch|p1a: Slowbro|Slowbro, M|100/100
|move|p2a: Tentacruel|Substitute|p2a: Tentacruel
|-start|p2a: Tentacruel|Substitute
|-damage|p2a: Tentacruel|76/100
|
|-weather|RainDance|[upkeep]
|-heal|p2a: Tentacruel|82/100|[from] ability: Rain Dish
|-heal|p2a: Tentacruel|88/100|[from] item: Black Sludge
|upkeep
|turn|4
|inactive|Battle timer is ON: inactive players will automatically lose when time's up. (requested by itmesm)
|
|t:|1644087435
|switch|p1a: Chansey|Chansey, F|89/100
|move|p2a: Tentacruel|Acid Spray|p1a: Chansey
|-damage|p1a: Chansey|85/100
|-unboost|p1a: Chansey|spd|2
|
|-weather|RainDance|[upkeep]
|-heal|p2a: Tentacruel|94/100|[from] ability: Rain Dish
|-heal|p2a: Tentacruel|100/100|[from] item: Black Sludge
|upkeep
|turn|5
|
|t:|1644087440
|switch|p1a: Slowbro|Slowbro, M|100/100
|move|p2a: Tentacruel|Acupressure|p2a: Tentacruel
|-boost|p2a: Tentacruel|atk|2
|
|-weather|RainDance|[upkeep]
|upkeep
|turn|6
|
|t:|1644087448
|switch|p1a: Amoonguss|Amoonguss, F|100/100
|move|p2a: Tentacruel|Acupressure|p2a: Tentacruel
|-boost|p2a: Tentacruel|spa|2
|
|-weather|RainDance|[upkeep]
|upkeep
|turn|7
|
|t:|1644087461
|move|p2a: Tentacruel|Acupressure|p2a: Tentacruel
|-boost|p2a: Tentacruel|evasion|2
|move|p1a: Amoonguss|Giga Drain|p2a: Tentacruel
|-activate|p2a: Tentacruel|Substitute|[damage]
|
|-weather|RainDance|[upkeep]
|upkeep
|turn|8
|
|t:|1644087470
|move|p2a: Tentacruel|Acupressure|p2a: Tentacruel
|-boost|p2a: Tentacruel|spe|2
|move|p1a: Amoonguss|Giga Drain|p2a: Tentacruel
|-end|p2a: Tentacruel|Substitute
|
|-weather|RainDance|[upkeep]
|upkeep
|turn|9
|
|t:|1644087486
|switch|p1a: Magnezone|Magnezone|100/100
|move|p2a: Tentacruel|Substitute|p2a: Tentacruel
|-start|p2a: Tentacruel|Substitute
|-damage|p2a: Tentacruel|76/100
|
|-weather|RainDance|[upkeep]
|-heal|p2a: Tentacruel|82/100|[from] ability: Rain Dish
|-heal|p2a: Tentacruel|88/100|[from] item: Black Sludge
|upkeep
|turn|10
|
|t:|1644087491
|move|p2a: Tentacruel|Scald|p1a: Magnezone
|-damage|p1a: Magnezone|4/100
|-status|p1a: Magnezone|brn
|move|p1a: Magnezone|Volt Switch|p2a: Tentacruel
|-supereffective|p2a: Tentacruel
|-end|p2a: Tentacruel|Substitute
|
|t:|1644087501
|switch|p1a: Chansey|Chansey, F|85/100|[from]move: Volt Switch
|
|-weather|RainDance|[upkeep]
|-heal|p2a: Tentacruel|94/100|[from] ability: Rain Dish
|-heal|p2a: Tentacruel|100/100|[from] item: Black Sludge
|upkeep
|turn|11
|
|t:|1644087505
|move|p2a: Tentacruel|Substitute|p2a: Tentacruel
|-start|p2a: Tentacruel|Substitute
|-damage|p2a: Tentacruel|76/100
|move|p1a: Chansey|Heal Bell|p1a: Chansey
|-activate|p1a: Chansey|move: Heal Bell
|-curestatus|p1: Magnezone|brn|[msg]
|
|-weather|RainDance|[upkeep]
|-heal|p2a: Tentacruel|82/100|[from] ability: Rain Dish
|-heal|p2a: Tentacruel|88/100|[from] item: Black Sludge
|upkeep
|turn|12
|
|t:|1644087510
|move|p2a: Tentacruel|Acupressure|p2a: Tentacruel
|-boost|p2a: Tentacruel|spe|2
|move|p1a: Chansey|Seismic Toss|p2a: Tentacruel|[miss]
|-miss|p1a: Chansey|p2a: Tentacruel
|
|-weather|RainDance|[upkeep]
|-heal|p2a: Tentacruel|94/100|[from] ability: Rain Dish
|-heal|p2a: Tentacruel|100/100|[from] item: Black Sludge
|upkeep
|turn|13
|
|t:|1644087517
|move|p2a: Tentacruel|Acupressure|p2a: Tentacruel
|-boost|p2a: Tentacruel|spd|2
|move|p1a: Chansey|Seismic Toss|p2a: Tentacruel|[miss]
|-miss|p1a: Chansey|p2a: Tentacruel
|
|-weather|RainDance|[upkeep]
|upkeep
|turn|14
|
|t:|1644087524
|move|p2a: Tentacruel|Acupressure|p2a: Tentacruel
|-boost|p2a: Tentacruel|atk|2
|move|p1a: Chansey|Seismic Toss|p2a: Tentacruel|[miss]
|-miss|p1a: Chansey|p2a: Tentacruel
|
|-weather|RainDance|[upkeep]
|upkeep
|turn|15
|
|t:|1644087528
|move|p2a: Tentacruel|Acupressure|p2a: Tentacruel
|-boost|p2a: Tentacruel|evasion|2
|move|p1a: Chansey|Seismic Toss|p2a: Tentacruel|[miss]
|-miss|p1a: Chansey|p2a: Tentacruel
|
|-weather|RainDance|[upkeep]
|upkeep
|turn|16
|
|t:|1644087534
|move|p2a: Tentacruel|Acupressure|p2a: Tentacruel
|-boost|p2a: Tentacruel|spd|2
|move|p1a: Chansey|Seismic Toss|p2a: Tentacruel|[miss]
|-miss|p1a: Chansey|p2a: Tentacruel
|
|-weather|RainDance|[upkeep]
|upkeep
|turn|17
|
|t:|1644087538
|move|p2a: Tentacruel|Acupressure|p2a: Tentacruel
|-boost|p2a: Tentacruel|spe|2
|move|p1a: Chansey|Seismic Toss|p2a: Tentacruel|[miss]
|-miss|p1a: Chansey|p2a: Tentacruel
|
|-weather|RainDance|[upkeep]
|upkeep
|turn|18
|
|t:|1644087544
|move|p2a: Tentacruel|Acupressure|p2a: Tentacruel
|-boost|p2a: Tentacruel|evasion|2
|move|p1a: Chansey|Seismic Toss|p2a: Tentacruel|[miss]
|-miss|p1a: Chansey|p2a: Tentacruel
|
|-weather|RainDance|[upkeep]
|upkeep
|turn|19
|
|t:|1644087554
|move|p2a: Tentacruel|Acupressure|p2a: Tentacruel
|-boost|p2a: Tentacruel|spa|2
|move|p1a: Chansey|Seismic Toss|p2a: Tentacruel
|-end|p2a: Tentacruel|Substitute
|
|-weather|RainDance|[upkeep]
|upkeep
|turn|20
|
|t:|1644087562
|switch|p1a: Magnezone|Magnezone|4/100
|move|p2a: Tentacruel|Substitute|p2a: Tentacruel
|-start|p2a: Tentacruel|Substitute
|-damage|p2a: Tentacruel|76/100
|
|-weather|RainDance|[upkeep]
|-heal|p2a: Tentacruel|82/100|[from] ability: Rain Dish
|-heal|p2a: Tentacruel|88/100|[from] item: Black Sludge
|upkeep
|turn|21
|
|t:|1644087566
|switch|p1a: Amoonguss|Amoonguss, F|100/100
|move|p2a: Tentacruel|Scald|p1a: Amoonguss
|-resisted|p1a: Amoonguss
|-damage|p1a: Amoonguss|65/100
|-status|p1a: Amoonguss|brn
|
|-weather|RainDance|[upkeep]
|-heal|p2a: Tentacruel|94/100|[from] ability: Rain Dish
|-heal|p2a: Tentacruel|100/100|[from] item: Black Sludge
|-heal|p1a: Amoonguss|71/100 brn|[from] item: Black Sludge
|-damage|p1a: Amoonguss|59/100 brn|[from] brn
|upkeep
|turn|22
|
|t:|1644087573
|switch|p1a: Chansey|Chansey, F|85/100
|move|p2a: Tentacruel|Acupressure|p2a: Tentacruel
|-boost|p2a: Tentacruel|def|2
|
|-weather|RainDance|[upkeep]
|upkeep
|turn|23
|
|t:|1644087581
|move|p2a: Tentacruel|Acupressure|p2a: Tentacruel
|-boost|p2a: Tentacruel|def|2
|move|p1a: Chansey|Soft-Boiled|p1a: Chansey
|-heal|p1a: Chansey|100/100
|
|-weather|RainDance|[upkeep]
|upkeep
|turn|24
|
|t:|1644087593
|move|p2a: Tentacruel|Acupressure|p2a: Tentacruel
|-boost|p2a: Tentacruel|spd|2
|move|p1a: Chansey|Heal Bell|p1a: Chansey
|-activate|p1a: Chansey|move: Heal Bell
|-curestatus|p1: Amoonguss|brn|[msg]
|
|-weather|RainDance|[upkeep]
|upkeep
|turn|25
|
|t:|1644087598
|switch|p1a: Amoonguss|Amoonguss, F|92/100
|move|p2a: Tentacruel|Acupressure|p2a: Tentacruel
|-boost|p2a: Tentacruel|spa|2
|
|-weather|RainDance|[upkeep]
|-heal|p1a: Amoonguss|98/100|[from] item: Black Sludge
|upkeep
|turn|26
|
|t:|1644087604
|move|p2a: Tentacruel|Acid Spray|p1a: Amoonguss
|-damage|p1a: Amoonguss|69/100
|-unboost|p1a: Amoonguss|spd|2
|move|p1a: Amoonguss|Giga Drain|p2a: Tentacruel|[miss]
|-miss|p1a: Amoonguss|p2a: Tentacruel
|
|-weather|RainDance|[upkeep]
|-heal|p1a: Amoonguss|75/100|[from] item: Black Sludge
|upkeep
|turn|27
|
|t:|1644087608
|switch|p1a: Slowbro|Slowbro, M|100/100
|move|p2a: Tentacruel|Acid Spray|p1a: Slowbro
|-damage|p1a: Slowbro|52/100
|-unboost|p1a: Slowbro|spd|2
|
|-weather|RainDance|[upkeep]
|-heal|p1a: Slowbro|58/100|[from] item: Leftovers
|upkeep
|turn|28
|
|t:|1644087613
|switch|p1a: Amoonguss|Amoonguss, F|100/100
|move|p2a: Tentacruel|Acid Spray|p1a: Amoonguss
|-damage|p1a: Amoonguss|66/100
|-unboost|p1a: Amoonguss|spd|2
|
|-weather|RainDance|[upkeep]
|-heal|p1a: Amoonguss|73/100|[from] item: Black Sludge
|upkeep
|turn|29
|
|t:|1644087618
|switch|p1a: Slowbro|Slowbro, M|92/100
|move|p2a: Tentacruel|Scald|p1a: Slowbro
|-resisted|p1a: Slowbro
|-damage|p1a: Slowbro|25/100
|-status|p1a: Slowbro|brn
|
|-weather|RainDance|[upkeep]
|-heal|p1a: Slowbro|31/100 brn|[from] item: Leftovers
|-damage|p1a: Slowbro|18/100 brn|[from] brn
|upkeep
|turn|30
|
|t:|1644087624
|switch|p1a: Chansey|Chansey, F|100/100
|move|p2a: Tentacruel|Acid Spray|p1a: Chansey
|-damage|p1a: Chansey|86/100
|-unboost|p1a: Chansey|spd|2
|
|-weather|RainDance|[upkeep]
|upkeep
|turn|31
|
|t:|1644087629
|switch|p1a: Amoonguss|Amoonguss, F|100/100
|move|p2a: Tentacruel|Scald|p1a: Amoonguss
|-resisted|p1a: Amoonguss
|-damage|p1a: Amoonguss|55/100
|
|-weather|RainDance|[upkeep]
|-heal|p1a: Amoonguss|62/100|[from] item: Black Sludge
|upkeep
|turn|32
|
|t:|1644087636
|move|p2a: Tentacruel|Acid Spray|p1a: Amoonguss
|-damage|p1a: Amoonguss|31/100
|-unboost|p1a: Amoonguss|spd|2
|move|p1a: Amoonguss|Giga Drain|p2a: Tentacruel|[miss]
|-miss|p1a: Amoonguss|p2a: Tentacruel
|
|-weather|RainDance|[upkeep]
|-heal|p1a: Amoonguss|37/100|[from] item: Black Sludge
|upkeep
|turn|33
|
|t:|1644087640
|switch|p1a: Chansey|Chansey, F|86/100
|move|p2a: Tentacruel|Acid Spray|p1a: Chansey
|-damage|p1a: Chansey|72/100
|-unboost|p1a: Chansey|spd|2
|
|-weather|RainDance|[upkeep]
|upkeep
|turn|34
|
|t:|1644087645
|switch|p1a: Amoonguss|Amoonguss, F|71/100
|move|p2a: Tentacruel|Scald|p1a: Amoonguss
|-resisted|p1a: Amoonguss
|-damage|p1a: Amoonguss|20/100
|
|-weather|RainDance|[upkeep]
|-heal|p1a: Amoonguss|26/100|[from] item: Black Sludge
|upkeep
|turn|35
|
|t:|1644087650
|switch|p1a: Chansey|Chansey, F|72/100
|move|p2a: Tentacruel|Acid Spray|p1a: Chansey
|-damage|p1a: Chansey|58/100
|-unboost|p1a: Chansey|spd|2
|
|-weather|RainDance|[upkeep]
|upkeep
|turn|36
|
|t:|1644087654
|switch|p1a: Amoonguss|Amoonguss, F|60/100
|move|p2a: Tentacruel|Scald|p1a: Amoonguss
|-resisted|p1a: Amoonguss
|-damage|p1a: Amoonguss|13/100
|
|-weather|RainDance|[upkeep]
|-heal|p1a: Amoonguss|20/100|[from] item: Black Sludge
|upkeep
|turn|37
|
|t:|1644087660
|switch|p1a: Magnezone|Magnezone|4/100
|move|p2a: Tentacruel|Acid Spray|p1a: Magnezone
|-immune|p1a: Magnezone
|
|-weather|RainDance|[upkeep]
|upkeep
|turn|38
|
|t:|1644087666
|move|p2a: Tentacruel|Acid Spray|p1a: Magnezone
|-immune|p1a: Magnezone
|move|p1a: Magnezone|Volt Switch|p2a: Tentacruel|[miss]
|-miss|p1a: Magnezone|p2a: Tentacruel
|
|-weather|RainDance|[upkeep]
|upkeep
|turn|39
|
|t:|1644087669
|move|p2a: Tentacruel|Scald|p1a: Magnezone
|-damage|p1a: Magnezone|0 fnt
|faint|p1a: Magnezone
|
|-weather|RainDance|[upkeep]
|upkeep
|
|t:|1644087671
|switch|p1a: Chansey|Chansey, F|58/100
|turn|40
|
|t:|1644087679
|move|p2a: Tentacruel|Scald|p1a: Chansey
|-damage|p1a: Chansey|18/100
|move|p1a: Chansey|Soft-Boiled|p1a: Chansey
|-heal|p1a: Chansey|68/100
|
|-weather|RainDance|[upkeep]
|upkeep
|turn|41
|
|t:|1644087686
|move|p2a: Tentacruel|Acid Spray|p1a: Chansey
|-damage|p1a: Chansey|54/100
|-unboost|p1a: Chansey|spd|2
|move|p1a: Chansey|Soft-Boiled|p1a: Chansey
|-heal|p1a: Chansey|100/100
|
|-weather|RainDance|[upkeep]
|upkeep
|turn|42
|
|t:|1644087692
|switch|p1a: Amoonguss|Amoonguss, F|53/100
|move|p2a: Tentacruel|Scald|p1a: Amoonguss
|-resisted|p1a: Amoonguss
|-damage|p1a: Amoonguss|4/100
|
|-weather|RainDance|[upkeep]
|-heal|p1a: Amoonguss|10/100|[from] item: Black Sludge
|upkeep
|turn|43
|
|t:|1644087697
|switch|p1a: Chansey|Chansey, F|100/100
|move|p2a: Tentacruel|Scald|p1a: Chansey
|-damage|p1a: Chansey|60/100
|
|-weather|RainDance|[upkeep]
|upkeep
|turn|44
|
|t:|1644087703
|move|p2a: Tentacruel|Acupressure|p2a: Tentacruel
|-boost|p2a: Tentacruel|def|2
|move|p1a: Chansey|Soft-Boiled|p1a: Chansey
|-heal|p1a: Chansey|100/100
|
|-weather|RainDance|[upkeep]
|upkeep
|turn|45
|
|t:|1644087708
|move|p2a: Tentacruel|Acid Spray|p1a: Chansey
|-damage|p1a: Chansey|87/100
|-unboost|p1a: Chansey|spd|2
|move|p1a: Chansey|Heal Bell|p1a: Chansey
|-activate|p1a: Chansey|move: Heal Bell
|-curestatus|p1: Slowbro|brn|[msg]
|
|-weather|RainDance|[upkeep]
|upkeep
|turn|46
|
|t:|1644087721
|switch|p1a: Skarmory|Skarmory, F|100/100
|move|p2a: Tentacruel|Acupressure|p2a: Tentacruel
|-boost|p2a: Tentacruel|atk|2
|
|-weather|RainDance|[upkeep]
|upkeep
|turn|47
|
|t:|1644087727
|switch|p1a: Chansey|Chansey, F|87/100
|move|p2a: Tentacruel|Scald|p1a: Chansey
|-damage|p1a: Chansey|43/100
|-status|p1a: Chansey|brn
|
|-weather|RainDance|[upkeep]
|-damage|p1a: Chansey|31/100 brn|[from] brn
|upkeep
|turn|48
|-message|yaszou forfeited.
|
|win|itmesm
|raw|yaszou's rating: 1394 &rarr; <strong>1372</strong><br />(-22 for losing)
|raw|itmesm's rating: 1364 &rarr; <strong>1386</strong><br />(+22 for winning)
|l|‽yaszou
|l|☆itmesm
