|j|☆R3X
|j|☆AceMcNuggie
|t:|1644162455
|gametype|singles
|player|p1|R3X|101|1070
|player|p2|AceMcNuggie|265|1047
|teamsize|p1|6
|teamsize|p2|6
|gen|5
|tier|[Gen 5] OU
|rated|
|rule|Species Clause: Limit one of each Pokémon
|rule|OHKO Clause: OHKO moves are banned
|rule|Moody Clause: Moody is banned
|rule|Evasion Moves Clause: Evasion moves are banned
|rule|Endless Battle Clause: Forcing endless battles is banned
|rule|HP Percentage Mod: HP is shown in percentages
|rule|Evasion Abilities Clause: Evasion abilities are banned
|rule|Sleep Clause: Sleep-inducing moves are banned
|rule|Swagger Clause: Swagger is banned
|clearpoke
|poke|p1|Landorus-Therian, M|item
|poke|p1|Rotom-Wash|item
|poke|p1|Scizor, F|item
|poke|p1|Espeon, M|item
|poke|p1|Infernape, F|item
|poke|p1|Jolteon, M|item
|poke|p2|Latios, M|item
|poke|p2|Gyarados, M|item
|poke|p2|Politoed, M|item
|poke|p2|Jirachi|item
|poke|p2|Kingdra, F|item
|poke|p2|Keldeo-Resolute|item
|teampreview
|
|t:|1644162476
|start
|switch|p1a: Jolteon|Jolteon, M|100/100
|switch|p2a: Keldeo|Keldeo-Resolute|100/100
|turn|1
|
|t:|1644162489
|switch|p2a: Latios|Latios, M|100/100
|move|p1a: Jolteon|Volt Switch|p2a: Latios
|-resisted|p2a: Latios
|-crit|p2a: Latios
|-damage|p2a: Latios|68/100
|
|t:|1644162499
|switch|p1a: Landorus|Landorus-Therian, M|100/100|[from]move: Volt Switch
|-ability|p1a: Landorus|Intimidate|boost
|-unboost|p2a: Latios|atk|1
|
|upkeep
|turn|2
|inactive|Battle timer is ON: inactive players will automatically lose when time's up. (requested by AceMcNuggie)
|
|t:|1644162507
|move|p1a: Landorus|U-turn|p2a: Latios
|-supereffective|p2a: Latios
|-damage|p2a: Latios|0 fnt
|faint|p2a: Latios
|
|t:|1644162512
|switch|p1a: Jolteon|Jolteon, M|100/100|[from]move: U-turn
|
|upkeep
|
|t:|1644162524
|switch|p2a: Jirachi|Jirachi|100/100
|turn|3
|
|t:|1644162536
|move|p2a: Jirachi|Protect|p2a: Jirachi
|-singleturn|p2a: Jirachi|Protect
|move|p1a: Jolteon|Thunderbolt|p2a: Jirachi
|-activate|p2a: Jirachi|move: Protect
|
|upkeep
|turn|4
|
|t:|1644162547
|move|p1a: Jolteon|Thunderbolt|p2a: Jirachi
|-damage|p2a: Jirachi|59/100
|move|p2a: Jirachi|Body Slam|p1a: Jolteon
|-damage|p1a: Jolteon|57/100
|-status|p1a: Jolteon|par
|
|-heal|p2a: Jirachi|65/100|[from] item: Leftovers
|upkeep
|turn|5
|
|t:|1644162568
|move|p2a: Jirachi|Protect|p2a: Jirachi
|-singleturn|p2a: Jirachi|Protect
|move|p1a: Jolteon|Volt Switch|p2a: Jirachi
|-activate|p2a: Jirachi|move: Protect
|
|-heal|p2a: Jirachi|71/100|[from] item: Leftovers
|upkeep
|turn|6
|
|t:|1644162584
|move|p2a: Jirachi|Body Slam|p1a: Jolteon
|-damage|p1a: Jolteon|13/100 par
|move|p1a: Jolteon|Volt Switch|p2a: Jirachi
|-damage|p2a: Jirachi|40/100
|
|t:|1644162597
|switch|p1a: Infernape|Infernape, F|100/100|[from]move: Volt Switch
|
|-heal|p2a: Jirachi|46/100|[from] item: Leftovers
|upkeep
|turn|7
|
|t:|1644162606
|move|p2a: Jirachi|Protect|p2a: Jirachi
|-singleturn|p2a: Jirachi|Protect
|move|p1a: Infernape|Stealth Rock|p2a: Jirachi
|-sidestart|p2: AceMcNuggie|move: Stealth Rock
|
|-heal|p2a: Jirachi|53/100|[from] item: Leftovers
|upkeep
|turn|8
|
|t:|1644162620
|switch|p2a: Politoed|Politoed, M|100/100
|-damage|p2a: Politoed|88/100|[from] Stealth Rock
|move|p1a: Infernape|Overheat|p2a: Politoed
|-resisted|p2a: Politoed
|-damage|p2a: Politoed|62/100
|-unboost|p1a: Infernape|spa|2
|
|-heal|p2a: Politoed|68/100|[from] item: Leftovers
|upkeep
|turn|9
|
|t:|1644162635
|move|p1a: Infernape|U-turn|p2a: Politoed
|-damage|p2a: Politoed|44/100
|
|t:|1644162638
|switch|p1a: Rotom|Rotom-Wash|100/100|[from]move: U-turn
|move|p2a: Politoed|Rain Dance|p2a: Politoed
|-weather|RainDance
|
|-weather|RainDance|[upkeep]
|-heal|p2a: Politoed|51/100|[from] item: Leftovers
|upkeep
|turn|10
|
|t:|1644162650
|move|p1a: Rotom|Volt Switch|p2a: Politoed
|-supereffective|p2a: Politoed
|-damage|p2a: Politoed|0 fnt
|faint|p2a: Politoed
|
|t:|1644162657
|switch|p1a: Espeon|Espeon, M|100/100|[from]move: Volt Switch
|
|-weather|RainDance|[upkeep]
|upkeep
|
|t:|1644162663
|switch|p2a: Kingdra|Kingdra, F|100/100
|-damage|p2a: Kingdra|88/100|[from] Stealth Rock
|turn|11
|
|t:|1644162680
|move|p2a: Kingdra|Draco Meteor|p1a: Espeon
|-damage|p1a: Espeon|18/100
|-unboost|p2a: Kingdra|spa|2
|move|p1a: Espeon|Heal Bell|p1a: Espeon
|-activate|p1a: Espeon|move: Heal Bell
|-curestatus|p1: Jolteon|par|[msg]
|
|-weather|RainDance|[upkeep]
|-heal|p1a: Espeon|24/100|[from] item: Leftovers
|upkeep
|turn|12
|c|☆R3X|why no drizzle ?
|
|t:|1644162691
|switch|p1a: Rotom|Rotom-Wash|100/100
|move|p2a: Kingdra|Draco Meteor|p1a: Rotom
|-damage|p1a: Rotom|41/100
|-unboost|p2a: Kingdra|spa|2
|
|-weather|RainDance|[upkeep]
|upkeep
|turn|13
|
|t:|1644162706
|switch|p2a: Jirachi|Jirachi|53/100
|-damage|p2a: Jirachi|46/100|[from] Stealth Rock
|move|p1a: Rotom|Will-O-Wisp|p2a: Jirachi
|-status|p2a: Jirachi|brn
|
|-weather|none
|-heal|p2a: Jirachi|53/100 brn|[from] item: Leftovers
|-damage|p2a: Jirachi|40/100 brn|[from] brn
|upkeep
|turn|14
|
|t:|1644162722
|switch|p1a: Scizor|Scizor, F|100/100
|move|p2a: Jirachi|Body Slam|p1a: Scizor
|-resisted|p1a: Scizor
|-damage|p1a: Scizor|95/100
|-status|p1a: Scizor|par
|
|-heal|p2a: Jirachi|46/100 brn|[from] item: Leftovers
|-heal|p1a: Scizor|100/100 par|[from] item: Leftovers
|-damage|p2a: Jirachi|34/100 brn|[from] brn
|upkeep
|turn|15
|inactive|AceMcNuggie has 120 seconds left.
|
|t:|1644162744
|switch|p2a: Keldeo|Keldeo-Resolute|100/100
|-damage|p2a: Keldeo|94/100|[from] Stealth Rock
|move|p1a: Scizor|U-turn|p2a: Keldeo
|-resisted|p2a: Keldeo
|-damage|p2a: Keldeo|72/100
|
|t:|1644162751
|switch|p1a: Espeon|Espeon, M|24/100|[from]move: U-turn
|
|-heal|p1a: Espeon|30/100|[from] item: Leftovers
|upkeep
|turn|16
|
|t:|1644162762
|move|p2a: Keldeo|Scald|p1a: Espeon
|-damage|p1a: Espeon|0 fnt
|faint|p1a: Espeon
|-damage|p2a: Keldeo|62/100|[from] item: Life Orb
|
|upkeep
|inactive|R3X has 120 seconds left.
|
|t:|1644162787
|switch|p1a: Jolteon|Jolteon, M|13/100
|turn|17
|inactive|R3X has 120 seconds left.
|
|t:|1644162799
|switch|p2a: Kingdra|Kingdra, F|88/100
|-damage|p2a: Kingdra|76/100|[from] Stealth Rock
|move|p1a: Jolteon|Thunderbolt|p2a: Kingdra
|-damage|p2a: Kingdra|24/100
|-status|p2a: Kingdra|par
|
|upkeep
|turn|18
|
|t:|1644162809
|move|p1a: Jolteon|Thunderbolt|p2a: Kingdra
|-damage|p2a: Kingdra|0 fnt
|faint|p2a: Kingdra
|
|upkeep
|
|t:|1644162820
|switch|p2a: Jirachi|Jirachi|34/100 brn
|-damage|p2a: Jirachi|28/100 brn|[from] Stealth Rock
|turn|19
|
|t:|1644162832
|move|p2a: Jirachi|Protect|p2a: Jirachi
|-singleturn|p2a: Jirachi|Protect
|move|p1a: Jolteon|Thunderbolt|p2a: Jirachi
|-activate|p2a: Jirachi|move: Protect
|
|-heal|p2a: Jirachi|34/100 brn|[from] item: Leftovers
|-damage|p2a: Jirachi|22/100 brn|[from] brn
|upkeep
|turn|20
|
|t:|1644162842
|move|p1a: Jolteon|Thunderbolt|p2a: Jirachi
|-damage|p2a: Jirachi|0 fnt
|faint|p2a: Jirachi
|
|upkeep
|
|t:|1644162852
|switch|p2a: Keldeo|Keldeo-Resolute|62/100
|-damage|p2a: Keldeo|56/100|[from] Stealth Rock
|turn|21
|
|t:|1644162859
|move|p1a: Jolteon|Thunderbolt|p2a: Keldeo
|-supereffective|p2a: Keldeo
|-crit|p2a: Keldeo
|-damage|p2a: Keldeo|0 fnt
|faint|p2a: Keldeo
|
|upkeep
|
|t:|1644162865
|switch|p2a: Gyarados|Gyarados, M|100/100
|-damage|p2a: Gyarados|76/100|[from] Stealth Rock
|turn|22
|
|t:|1644162870
|move|p1a: Jolteon|Thunderbolt|p2a: Gyarados
|-supereffective|p2a: Gyarados
|-damage|p2a: Gyarados|0 fnt
|faint|p2a: Gyarados
|
|win|R3X
|raw|R3X's rating: 1070 &rarr; <strong>1098</strong><br />(+28 for winning)
|raw|AceMcNuggie's rating: 1047 &rarr; <strong>1031</strong><br />(-16 for losing)
