|j|☆Shedinjanigans
|j|☆julianelvengador
|inactive|Battle timer is ON: inactive players will automatically lose when time's up.
|t:|1636236551
|gametype|singles
|player|p1|Shedinjanigans|265|
|player|p2|julianelvengador|striker|
|teamsize|p1|6
|teamsize|p2|6
|gen|5
|tier|[Gen 5] LC
|rated|Tournament battle
|rule|Species Clause: Limit one of each Pokémon
|rule|OHKO Clause: OHKO moves are banned
|rule|Moody Clause: Moody is banned
|rule|Evasion Moves Clause: Evasion moves are banned
|rule|Endless Battle Clause: Forcing endless battles is banned
|rule|HP Percentage Mod: HP is shown in percentages
|rule|Sleep Clause: Sleep-inducing moves are banned
|clearpoke
|poke|p1|Meowth, L5, M|item
|poke|p1|Archen, L5, F|item
|poke|p1|Baltoy, L5|item
|poke|p1|Magnemite, L1|item
|poke|p1|Aipom, L5, M|item
|poke|p1|Mankey, L5, F|item
|poke|p2|Snover, L5, M|item
|poke|p2|Munchlax, L5, M|item
|poke|p2|Drilbur, L5, F|item
|poke|p2|Timburr, L5, M|item
|poke|p2|Abra, L5, M|item
|poke|p2|Carvanha, L5, M|item
|teampreview
|inactive|Shedinjanigans has 120 seconds left.
|
|t:|1636236607
|start
|switch|p1a: Meowth|Meowth, L5, M|100/100
|switch|p2a: Carvanha|Carvanha, L5, M|100/100
|turn|1
|
|t:|1636236612
|move|p2a: Carvanha|Protect|p2a: Carvanha
|-singleturn|p2a: Carvanha|Protect
|move|p1a: Meowth|Fake Out|p2a: Carvanha
|-activate|p2a: Carvanha|move: Protect
|
|-ability|p2a: Carvanha|Speed Boost|boost
|-boost|p2a: Carvanha|spe|1
|upkeep
|turn|2
|
|t:|1636236627
|move|p2a: Carvanha|Crunch|p1a: Meowth
|-damage|p1a: Meowth|0 fnt
|faint|p1a: Meowth
|-damage|p2a: Carvanha|91/100|[from] item: Life Orb
|
|-ability|p2a: Carvanha|Speed Boost|boost
|-boost|p2a: Carvanha|spe|1
|upkeep
|inactive|Shedinjanigans has 120 seconds left.
|inactive|Shedinjanigans has 90 seconds left.
|
|t:|1636236695
|switch|p1a: Mankey|Mankey, L5, F|100/100
|turn|3
|
|t:|1636236702
|move|p2a: Carvanha|Protect|p2a: Carvanha
|-singleturn|p2a: Carvanha|Protect
|move|p1a: Mankey|Close Combat|p2a: Carvanha
|-activate|p2a: Carvanha|move: Protect
|
|-ability|p2a: Carvanha|Speed Boost|boost
|-boost|p2a: Carvanha|spe|1
|upkeep
|turn|4
|
|t:|1636236710
|move|p2a: Carvanha|Waterfall|p1a: Mankey
|-damage|p1a: Mankey|0 fnt
|faint|p1a: Mankey
|-damage|p2a: Carvanha|81/100|[from] item: Life Orb
|
|-ability|p2a: Carvanha|Speed Boost|boost
|-boost|p2a: Carvanha|spe|1
|upkeep
|inactive|Shedinjanigans has 90 seconds left.
|j| FruitDogs
|inactive|Shedinjanigans has 60 seconds left.
|inactive|Shedinjanigans has 30 seconds left.
|
|t:|1636236793
|switch|p1a: Magnemite|Magnemite, L1|100/100
|turn|5
|
|t:|1636236802
|move|p2a: Carvanha|Crunch|p1a: Magnemite
|-resisted|p1a: Magnemite
|-ability|p1a: Magnemite|Sturdy
|-damage|p1a: Magnemite|10/100
|-enditem|p1a: Magnemite|Oran Berry|[eat]
|-heal|p1a: Magnemite|100/100|[from] item: Oran Berry
|-damage|p2a: Carvanha|72/100|[from] item: Life Orb
|move|p1a: Magnemite|Toxic|p2a: Carvanha
|-status|p2a: Carvanha|tox
|
|-damage|p2a: Carvanha|67/100 tox|[from] psn
|-ability|p2a: Carvanha|Speed Boost|boost
|-boost|p2a: Carvanha|spe|1
|upkeep
|turn|6
|
|t:|1636236807
|move|p2a: Carvanha|Crunch|p1a: Magnemite
|-resisted|p1a: Magnemite
|-ability|p1a: Magnemite|Sturdy
|-damage|p1a: Magnemite|10/100
|-damage|p2a: Carvanha|58/100 tox|[from] item: Life Orb
|move|p1a: Magnemite|Recycle|p1a: Magnemite
|-item|p1a: Magnemite|Oran Berry|[from] move: Recycle
|-enditem|p1a: Magnemite|Oran Berry|[eat]
|-heal|p1a: Magnemite|100/100|[from] item: Oran Berry
|
|-damage|p2a: Carvanha|48/100 tox|[from] psn
|-ability|p2a: Carvanha|Speed Boost|boost
|-boost|p2a: Carvanha|spe|1
|upkeep
|turn|7
|inactive|Shedinjanigans has 30 seconds left.
|
|t:|1636236844
|move|p1a: Magnemite|Protect|p1a: Magnemite
|-singleturn|p1a: Magnemite|Protect
|move|p2a: Carvanha|Aqua Jet|p1a: Magnemite
|-activate|p1a: Magnemite|move: Protect
|
|-damage|p2a: Carvanha|34/100 tox|[from] psn
|upkeep
|turn|8
|
|t:|1636236848
|move|p2a: Carvanha|Aqua Jet|p1a: Magnemite
|-ability|p1a: Magnemite|Sturdy
|-damage|p1a: Magnemite|10/100
|-damage|p2a: Carvanha|24/100 tox|[from] item: Life Orb
|move|p1a: Magnemite|Recycle|p1a: Magnemite
|-item|p1a: Magnemite|Oran Berry|[from] move: Recycle
|-enditem|p1a: Magnemite|Oran Berry|[eat]
|-heal|p1a: Magnemite|100/100|[from] item: Oran Berry
|
|-damage|p2a: Carvanha|5/100 tox|[from] psn
|upkeep
|turn|9
|
|t:|1636236857
|move|p2a: Carvanha|Aqua Jet|p1a: Magnemite
|-ability|p1a: Magnemite|Sturdy
|-damage|p1a: Magnemite|10/100
|-damage|p2a: Carvanha|0 fnt|[from] item: Life Orb
|faint|p2a: Carvanha
|move|p1a: Magnemite|Recycle|p1a: Magnemite
|-item|p1a: Magnemite|Oran Berry|[from] move: Recycle
|-enditem|p1a: Magnemite|Oran Berry|[eat]
|-heal|p1a: Magnemite|100/100|[from] item: Oran Berry
|
|upkeep
|
|t:|1636236879
|switch|p2a: Munchlax|Munchlax, L5, M|100/100
|turn|10
|inactive|Shedinjanigans has 30 seconds left.
|inactive|Shedinjanigans has 20 seconds left.
|inactive|Shedinjanigans has 15 seconds left.
|
|t:|1636236923
|move|p2a: Munchlax|Earthquake|p1a: Magnemite
|-supereffective|p1a: Magnemite
|-ability|p1a: Magnemite|Sturdy
|-damage|p1a: Magnemite|10/100
|move|p1a: Magnemite|Toxic|p2a: Munchlax
|-status|p2a: Munchlax|tox
|
|-damage|p2a: Munchlax|97/100 tox|[from] psn
|upkeep
|turn|11
|inactive|Shedinjanigans has 25 seconds left this turn.
|
|t:|1636236928
|move|p1a: Magnemite|Protect|p1a: Magnemite
|-singleturn|p1a: Magnemite|Protect
|move|p2a: Munchlax|Earthquake|p1a: Magnemite
|-activate|p1a: Magnemite|move: Protect
|
|-damage|p2a: Munchlax|90/100 tox|[from] psn
|upkeep
|turn|12
|
|t:|1636236932
|switch|p1a: Baltoy|Baltoy, L5|100/100
|move|p2a: Munchlax|Fire Punch|p1a: Baltoy
|-damage|p1a: Baltoy|70/100
|
|-damage|p2a: Munchlax|80/100 tox|[from] psn
|upkeep
|turn|13
|inactive|Shedinjanigans has 30 seconds left.
|inactive|Shedinjanigans has 20 seconds left.
|inactive|Shedinjanigans has 15 seconds left.
|
|t:|1636236963
|move|p1a: Baltoy|Stealth Rock|p2a: Munchlax
|-sidestart|p2: julianelvengador|move: Stealth Rock
|move|p2a: Munchlax|Pursuit|p1a: Baltoy
|-supereffective|p1a: Baltoy
|-damage|p1a: Baltoy|30/100
|
|-damage|p2a: Munchlax|67/100 tox|[from] psn
|upkeep
|turn|14
|inactive|Shedinjanigans has 25 seconds left this turn.
|inactive|Shedinjanigans has 20 seconds left.
|
|t:|1636236972
|move|p1a: Baltoy|Earthquake|p2a: Munchlax
|-damage|p2a: Munchlax|34/100 tox
|move|p2a: Munchlax|Return|p1a: Baltoy
|-damage|p1a: Baltoy|0 fnt
|faint|p1a: Baltoy
|
|-damage|p2a: Munchlax|17/100 tox|[from] psn
|upkeep
|inactive|Shedinjanigans has 25 seconds left this turn.
|
|t:|1636236975
|switch|p1a: Magnemite|Magnemite, L1|10/100
|turn|15
|
|t:|1636236984
|move|p1a: Magnemite|Protect|p1a: Magnemite
|-singleturn|p1a: Magnemite|Protect
|move|p2a: Munchlax|Earthquake|p1a: Magnemite
|-activate|p1a: Magnemite|move: Protect
|
|-damage|p2a: Munchlax|0 fnt|[from] psn
|faint|p2a: Munchlax
|upkeep
|
|t:|1636236987
|switch|p2a: Snover|Snover, L5, M|100/100
|-damage|p2a: Snover|78/100|[from] Stealth Rock
|-weather|Hail|[from] ability: Snow Warning|[of] p2a: Snover
|turn|16
|inactive|Shedinjanigans has 30 seconds left.
|
|t:|1636237009
|move|p1a: Magnemite|Magic Coat|p1a: Magnemite
|-singleturn|p1a: Magnemite|move: Magic Coat
|move|p2a: Snover|Blizzard|p1a: Magnemite
|-resisted|p1a: Magnemite
|-crit|p1a: Magnemite
|-damage|p1a: Magnemite|0 fnt
|faint|p1a: Magnemite
|
|-weather|Hail|[upkeep]
|upkeep
|
|t:|1636237013
|switch|p1a: Archen|Archen, L5, F|100/100
|turn|17
|
|t:|1636237016
|move|p1a: Archen|U-turn|p2a: Snover
|-supereffective|p2a: Snover
|-damage|p2a: Snover|0 fnt
|faint|p2a: Snover
|
|t:|1636237018
|switch|p1a: Aipom|Aipom, L5, M|100/100|[from]move: U-turn
|
|-weather|Hail|[upkeep]
|-damage|p1a: Aipom|96/100|[from] Hail
|upkeep
|
|t:|1636237023
|switch|p2a: Abra|Abra, L5, M|100/100
|turn|18
|inactive|Shedinjanigans has 60 seconds left.
|
|t:|1636237036
|move|p2a: Abra|Protect|p2a: Abra
|-singleturn|p2a: Abra|Protect
|move|p1a: Aipom|Fake Out|p2a: Abra
|-activate|p2a: Abra|move: Protect
|
|-weather|Hail|[upkeep]
|-damage|p1a: Aipom|91/100|[from] Hail
|upkeep
|turn|19
|
|t:|1636237044
|move|p1a: Aipom|Last Resort|p2a: Abra
|-crit|p2a: Abra
|-enditem|p2a: Abra|Focus Sash
|-damage|p2a: Abra|6/100
|-damage|p1a: Aipom|82/100|[from] item: Life Orb
|move|p2a: Abra|Psychic|p1a: Aipom
|-damage|p1a: Aipom|10/100
|
|-weather|Hail|[upkeep]
|-damage|p1a: Aipom|5/100|[from] Hail
|upkeep
|turn|20
|
|t:|1636237054
|move|p2a: Abra|Protect|p2a: Abra
|-singleturn|p2a: Abra|Protect
|move|p1a: Aipom|Last Resort|p2a: Abra
|-activate|p2a: Abra|move: Protect
|
|-weather|Hail|[upkeep]
|-damage|p1a: Aipom|0 fnt|[from] Hail
|faint|p1a: Aipom
|upkeep
|
|t:|1636237057
|switch|p1a: Archen|Archen, L5, F|100/100
|turn|21
|
|t:|1636237082
|move|p1a: Archen|Wing Attack|p2a: Abra
|-damage|p2a: Abra|0 fnt
|faint|p2a: Abra
|
|-weather|Hail|[upkeep]
|-damage|p1a: Archen|96/100|[from] Hail
|upkeep
|
|t:|1636237089
|switch|p2a: Drilbur|Drilbur, L5, F|100/100
|-damage|p2a: Drilbur|96/100|[from] Stealth Rock
|-ability|p2a: Drilbur|Mold Breaker
|turn|22
|
|t:|1636237094
|move|p1a: Archen|Wing Attack|p2a: Drilbur
|-damage|p2a: Drilbur|50/100
|move|p2a: Drilbur|Rock Slide|p1a: Archen
|-supereffective|p1a: Archen
|-damage|p1a: Archen|0 fnt
|faint|p1a: Archen
|
|win|julianelvengador
|n|☆Shedinjanigans|shedinjanigans
|n|☆julianelvengador|julianelvengador
|n| FruitDogs|fruitdogs
|l|☆Shedinjanigans
