|j|☆Lgmlobo
|j|☆testbwou
|t:|1643946259
|gametype|singles
|player|p1|Lgmlobo|266|1206
|player|p2|testbwou|102|1400
|teamsize|p1|6
|teamsize|p2|6
|gen|5
|tier|[Gen 5] OU
|rated|
|rule|Species Clause: Limit one of each Pokémon
|rule|OHKO Clause: OHKO moves are banned
|rule|Moody Clause: Moody is banned
|rule|Evasion Moves Clause: Evasion moves are banned
|rule|Endless Battle Clause: Forcing endless battles is banned
|rule|HP Percentage Mod: HP is shown in percentages
|rule|Evasion Abilities Clause: Evasion abilities are banned
|rule|Sleep Clause: Sleep-inducing moves are banned
|rule|Swagger Clause: Swagger is banned
|clearpoke
|poke|p1|Feraligatr, F|item
|poke|p1|Electivire, F|item
|poke|p1|Umbreon, F|item
|poke|p1|Donphan, M|item
|poke|p1|Lucario, F|item
|poke|p1|Venomoth, F|item
|poke|p2|Haxorus, M|item
|poke|p2|Garchomp, M|item
|poke|p2|Magnezone|item
|poke|p2|Mamoswine, M|item
|poke|p2|Latios, M|item
|poke|p2|Scizor, M|item
|teampreview
|inactive|Battle timer is ON: inactive players will automatically lose when time's up. (requested by Lgmlobo)
|
|t:|1643946280
|start
|switch|p1a: Venomoth|Venomoth, F|100/100
|switch|p2a: Scizor|Scizor, M|100/100
|turn|1
|
|t:|1643946290
|move|p1a: Venomoth|Stun Spore|p2a: Scizor|[miss]
|-miss|p1a: Venomoth|p2a: Scizor
|move|p2a: Scizor|U-turn|p1a: Venomoth
|-resisted|p1a: Venomoth
|-damage|p1a: Venomoth|51/100
|-damage|p2a: Scizor|91/100|[from] item: Life Orb
|inactive|testbwou has 120 seconds left.
|
|t:|1643946328
|switch|p2a: Latios|Latios, M|100/100|[from]move: U-turn
|
|upkeep
|turn|2
|
|t:|1643946336
|move|p1a: Venomoth|Protect|p1a: Venomoth
|-singleturn|p1a: Venomoth|Protect
|move|p2a: Latios|Psyshock|p1a: Venomoth
|-activate|p1a: Venomoth|move: Protect
|
|upkeep
|turn|3
|inactive|testbwou has 120 seconds left.
|
|t:|1643946362
|switch|p2a: Scizor|Scizor, M|91/100
|switch|p1a: Umbreon|Umbreon, F|100/100
|
|upkeep
|turn|4
|
|t:|1643946375
|switch|p1a: Donphan|Donphan, M|100/100
|move|p2a: Scizor|U-turn|p1a: Donphan
|-damage|p1a: Donphan|70/100
|-damage|p2a: Scizor|81/100|[from] item: Life Orb
|
|t:|1643946395
|switch|p2a: Mamoswine|Mamoswine, M|100/100|[from]move: U-turn
|
|-heal|p1a: Donphan|76/100|[from] item: Leftovers
|upkeep
|turn|5
|
|t:|1643946409
|move|p2a: Mamoswine|Icicle Crash|p1a: Donphan
|-supereffective|p1a: Donphan
|-damage|p1a: Donphan|15/100
|-damage|p2a: Mamoswine|91/100|[from] item: Life Orb
|move|p1a: Donphan|Counter|p2a: Mamoswine
|-damage|p2a: Mamoswine|0 fnt
|faint|p2a: Mamoswine
|
|-heal|p1a: Donphan|22/100|[from] item: Leftovers
|upkeep
|inactive|testbwou has 90 seconds left.
|
|t:|1643946454
|switch|p2a: Scizor|Scizor, M|81/100
|turn|6
|
|t:|1643946466
|move|p2a: Scizor|Bullet Punch|p1a: Donphan
|-damage|p1a: Donphan|0 fnt
|faint|p1a: Donphan
|-damage|p2a: Scizor|71/100|[from] item: Life Orb
|
|upkeep
|
|t:|1643946482
|switch|p1a: Electivire|Electivire, F|100/100
|turn|7
|inactive|testbwou has 90 seconds left.
|
|t:|1643946496
|switch|p2a: Latios|Latios, M|100/100
|move|p1a: Electivire|Fire Punch|p2a: Latios
|-resisted|p2a: Latios
|-damage|p2a: Latios|76/100
|-damage|p1a: Electivire|91/100|[from] item: Life Orb
|
|upkeep
|turn|8
|inactive|testbwou has 90 seconds left.
|
|t:|1643946515
|move|p2a: Latios|Draco Meteor|p1a: Electivire
|-damage|p1a: Electivire|0 fnt
|-unboost|p2a: Latios|spa|2
|faint|p1a: Electivire
|
|upkeep
|
|t:|1643946524
|switch|p1a: Venomoth|Venomoth, F|51/100
|turn|9
|inactive|testbwou has 90 seconds left.
|
|t:|1643946535
|move|p2a: Latios|Draco Meteor|p1a: Venomoth
|-damage|p1a: Venomoth|0 fnt
|-unboost|p2a: Latios|spa|2
|faint|p1a: Venomoth
|
|upkeep
|
|t:|1643946552
|switch|p1a: Lucario|Lucario, F|100/100
|turn|10
|
|t:|1643946557
|switch|p2a: Magnezone|Magnezone|100/100
|move|p1a: Lucario|Nasty Plot|p1a: Lucario
|-boost|p1a: Lucario|spa|2
|
|upkeep
|turn|11
|
|t:|1643946566
|move|p1a: Lucario|Aura Sphere|p2a: Magnezone
|-supereffective|p2a: Magnezone
|-damage|p2a: Magnezone|0 fnt
|faint|p2a: Magnezone
|
|upkeep
|
|t:|1643946572
|switch|p2a: Garchomp|Garchomp, M|100/100
|turn|12
|l|☆Lgmlobo
|inactive|Lgmlobo disconnected and has a minute to reconnect!
|player|p1|
|j|☆Lgmlobo
|inactive|Lgmlobo reconnected and has 120 seconds left.
|player|p1|Lgmlobo|266
|
|t:|1643946607
|move|p2a: Garchomp|Earthquake|p1a: Lucario
|-supereffective|p1a: Lucario
|-damage|p1a: Lucario|0 fnt
|faint|p1a: Lucario
|
|upkeep
|inactive|Lgmlobo has 120 seconds left.
|
|t:|1643946614
|switch|p1a: Feraligatr|Feraligatr, F|100/100
|turn|13
|inactive|testbwou has 120 seconds left.
|
|t:|1643946641
|switch|p2a: Latios|Latios, M|76/100
|move|p1a: Feraligatr|Dragon Dance|p1a: Feraligatr
|-boost|p1a: Feraligatr|atk|1
|-boost|p1a: Feraligatr|spe|1
|
|upkeep
|turn|14
|
|t:|1643946649
|move|p2a: Latios|Thunderbolt|p1a: Feraligatr
|-supereffective|p1a: Feraligatr
|-damage|p1a: Feraligatr|18/100
|move|p1a: Feraligatr|Ice Punch|p2a: Latios
|-supereffective|p2a: Latios
|-damage|p2a: Latios|0 fnt
|faint|p2a: Latios
|-damage|p1a: Feraligatr|8/100|[from] item: Life Orb
|
|upkeep
|inactive|testbwou has 120 seconds left.
|
|t:|1643946666
|switch|p2a: Scizor|Scizor, M|71/100
|turn|15
|
|t:|1643946671
|switch|p1a: Umbreon|Umbreon, F|100/100
|move|p2a: Scizor|Bullet Punch|p1a: Umbreon
|-crit|p1a: Umbreon
|-damage|p1a: Umbreon|34/100
|-damage|p2a: Scizor|61/100|[from] item: Life Orb
|
|-heal|p1a: Umbreon|40/100|[from] item: Leftovers
|upkeep
|turn|16
|inactive|testbwou has 120 seconds left.
|
|t:|1643946682
|move|p2a: Scizor|Bullet Punch|p1a: Umbreon
|-damage|p1a: Umbreon|6/100
|-damage|p2a: Scizor|51/100|[from] item: Life Orb
|move|p1a: Umbreon|Wish|p1a: Umbreon
|
|-heal|p1a: Umbreon|12/100|[from] item: Leftovers
|upkeep
|turn|17
|
|t:|1643946691
|move|p1a: Umbreon|Protect|p1a: Umbreon
|-singleturn|p1a: Umbreon|Protect
|move|p2a: Scizor|Bullet Punch|p1a: Umbreon
|-activate|p1a: Umbreon|move: Protect
|
|-heal|p1a: Umbreon|62/100|[from] move: Wish|[wisher] Umbreon
|-heal|p1a: Umbreon|68/100|[from] item: Leftovers
|upkeep
|turn|18
|
|t:|1643946706
|move|p2a: Scizor|Bullet Punch|p1a: Umbreon
|-damage|p1a: Umbreon|32/100
|-damage|p2a: Scizor|41/100|[from] item: Life Orb
|move|p1a: Umbreon|Wish|p1a: Umbreon
|
|-heal|p1a: Umbreon|38/100|[from] item: Leftovers
|upkeep
|turn|19
|
|t:|1643946716
|move|p1a: Umbreon|Protect|p1a: Umbreon
|-singleturn|p1a: Umbreon|Protect
|move|p2a: Scizor|Bullet Punch|p1a: Umbreon
|-activate|p1a: Umbreon|move: Protect
|
|-heal|p1a: Umbreon|88/100|[from] move: Wish|[wisher] Umbreon
|-heal|p1a: Umbreon|94/100|[from] item: Leftovers
|upkeep
|turn|20
|
|t:|1643946735
|move|p2a: Scizor|Superpower|p1a: Umbreon
|-supereffective|p1a: Umbreon
|-damage|p1a: Umbreon|0 fnt
|-unboost|p2a: Scizor|atk|1
|-unboost|p2a: Scizor|def|1
|faint|p1a: Umbreon
|-damage|p2a: Scizor|31/100|[from] item: Life Orb
|
|upkeep
|
|t:|1643946745
|switch|p1a: Feraligatr|Feraligatr, F|8/100
|turn|21
|j| SKT T1 Motherfaker
|
|t:|1643946775
|move|p2a: Scizor|Bullet Punch|p1a: Feraligatr
|-resisted|p1a: Feraligatr
|-damage|p1a: Feraligatr|0 fnt
|faint|p1a: Feraligatr
|-damage|p2a: Scizor|21/100|[from] item: Life Orb
|
|win|testbwou
|raw|Lgmlobo's rating: 1206 &rarr; <strong>1195</strong><br />(-11 for losing)
|raw|testbwou's rating: 1421 &rarr; <strong>1430</strong><br />(+9 for winning)
|c|☆testbwou|gg
|l|☆testbwou
|l|☆Lgmlobo
