|j|☆ZarbyXZar
|j|☆Hatersmad
|inactive|Battle timer is ON: inactive players will automatically lose when time's up.
|t:|1644090726
|gametype|singles
|player|p1|ZarbyXZar|lucas-gen4pt|
|player|p2|Hatersmad|1|
|teamsize|p1|6
|teamsize|p2|6
|gen|5
|tier|[Gen 5] OU
|rated|Tournament battle
|rule|Species Clause: Limit one of each Pokémon
|rule|OHKO Clause: OHKO moves are banned
|rule|Moody Clause: Moody is banned
|rule|Evasion Moves Clause: Evasion moves are banned
|rule|Endless Battle Clause: Forcing endless battles is banned
|rule|HP Percentage Mod: HP is shown in percentages
|rule|Evasion Abilities Clause: Evasion abilities are banned
|rule|Sleep Clause: Sleep-inducing moves are banned
|rule|Swagger Clause: Swagger is banned
|clearpoke
|poke|p1|Garchomp, M|item
|poke|p1|Thundurus-Therian, M|item
|poke|p1|Breloom, M|item
|poke|p1|Latios, M|item
|poke|p1|Houndoom, M|item
|poke|p1|Keldeo-Resolute|item
|poke|p2|Politoed, F|item
|poke|p2|Rotom-Wash|item
|poke|p2|Scizor, F|item
|poke|p2|Ferrothorn, F|item
|poke|p2|Toxicroak, M|item
|poke|p2|Thundurus-Therian, M|item
|teampreview
|c|☆Hatersmad|glhf
|j| efeda3532
|inactive|ZarbyXZar has 120 seconds left.
|
|t:|1644090762
|start
|switch|p1a: Garchomp|Garchomp, M|100/100
|switch|p2a: Ferrothorn|Ferrothorn, F|100/100
|turn|1
|
|t:|1644090769
|move|p1a: Garchomp|Swords Dance|p1a: Garchomp
|-boost|p1a: Garchomp|atk|2
|move|p2a: Ferrothorn|Stealth Rock|p1a: Garchomp
|-sidestart|p1: ZarbyXZar|move: Stealth Rock
|
|upkeep
|turn|2
|
|t:|1644090776
|switch|p2a: Rotom|Rotom-Wash|100/100
|move|p1a: Garchomp|Earthquake|p2a: Rotom
|-immune|p2a: Rotom|[from] ability: Levitate
|
|upkeep
|turn|3
|
|t:|1644090785
|move|p2a: Rotom|Hidden Power|p1a: Garchomp
|-supereffective|p1a: Garchomp
|-damage|p1a: Garchomp|0 fnt
|faint|p1a: Garchomp
|
|upkeep
|
|t:|1644090793
|switch|p1a: Latios|Latios, M|100/100
|-damage|p1a: Latios|88/100|[from] Stealth Rock
|turn|4
|j| Jsjsjsjsjjs
|l| Jsjsjsjsjjs
|
|t:|1644090805
|switch|p2a: Scizor|Scizor, F|100/100
|move|p1a: Latios|Draco Meteor|p2a: Scizor
|-resisted|p2a: Scizor
|-damage|p2a: Scizor|38/100
|-unboost|p1a: Latios|spa|2
|
|upkeep
|turn|5
|
|t:|1644090826
|switch|p1a: Keldeo|Keldeo-Resolute|100/100
|-damage|p1a: Keldeo|94/100|[from] Stealth Rock
|move|p2a: Scizor|U-turn|p1a: Keldeo
|-resisted|p1a: Keldeo
|-damage|p1a: Keldeo|57/100
|
|t:|1644090847
|switch|p2a: Toxicroak|Toxicroak, M|100/100|[from]move: U-turn
|
|upkeep
|turn|6
|
|t:|1644090861
|move|p1a: Keldeo|Surf|p2a: Toxicroak
|-immune|p2a: Toxicroak|[from] ability: Dry Skin
|move|p2a: Toxicroak|Cross Chop|p1a: Keldeo
|-crit|p1a: Keldeo
|-damage|p1a: Keldeo|0 fnt
|faint|p1a: Keldeo
|-damage|p2a: Toxicroak|91/100|[from] item: Life Orb
|
|upkeep
|
|t:|1644090874
|switch|p1a: Thundurus|Thundurus-Therian, M|100/100
|-damage|p1a: Thundurus|76/100|[from] Stealth Rock
|turn|7
|
|t:|1644090880
|switch|p2a: Thundurus|Thundurus-Therian, M|100/100
|move|p1a: Thundurus|Agility|p1a: Thundurus
|-boost|p1a: Thundurus|spe|2
|
|upkeep
|turn|8
|
|t:|1644090888
|move|p1a: Thundurus|Hidden Power|p2a: Thundurus
|-supereffective|p2a: Thundurus
|-damage|p2a: Thundurus|18/100
|move|p2a: Thundurus|Hidden Power|p1a: Thundurus
|-supereffective|p1a: Thundurus
|-damage|p1a: Thundurus|8/100
|
|-heal|p2a: Thundurus|24/100|[from] item: Leftovers
|upkeep
|turn|9
|
|t:|1644090899
|move|p1a: Thundurus|Hidden Power|p2a: Thundurus
|-supereffective|p2a: Thundurus
|-damage|p2a: Thundurus|0 fnt
|faint|p2a: Thundurus
|
|upkeep
|
|t:|1644090903
|switch|p2a: Scizor|Scizor, F|38/100
|turn|10
|
|t:|1644090908
|move|p2a: Scizor|Bullet Punch|p1a: Thundurus
|-resisted|p1a: Thundurus
|-damage|p1a: Thundurus|0 fnt
|faint|p1a: Thundurus
|
|upkeep
|
|t:|1644090918
|switch|p1a: Latios|Latios, M|88/100
|-damage|p1a: Latios|76/100|[from] Stealth Rock
|turn|11
|
|t:|1644090924
|move|p2a: Scizor|Bullet Punch|p1a: Latios
|-damage|p1a: Latios|11/100
|move|p1a: Latios|Draco Meteor|p2a: Scizor
|-resisted|p2a: Scizor
|-damage|p2a: Scizor|0 fnt
|-unboost|p1a: Latios|spa|2
|faint|p2a: Scizor
|
|upkeep
|
|t:|1644090930
|switch|p2a: Politoed|Politoed, F|100/100
|-weather|RainDance|[from] ability: Drizzle|[of] p2a: Politoed
|turn|12
|
|t:|1644090938
|move|p1a: Latios|Draco Meteor|p2a: Politoed
|-damage|p2a: Politoed|54/100
|-unboost|p1a: Latios|spa|2
|move|p2a: Politoed|Hydro Pump|p1a: Latios
|-resisted|p1a: Latios
|-damage|p1a: Latios|0 fnt
|faint|p1a: Latios
|
|-weather|RainDance|[upkeep]
|upkeep
|
|t:|1644090952
|switch|p1a: Breloom|Breloom, M, shiny|100/100
|-damage|p1a: Breloom|94/100|[from] Stealth Rock
|turn|13
|
|t:|1644090959
|move|p1a: Breloom|Bullet Seed|p2a: Politoed
|-supereffective|p2a: Politoed
|-damage|p2a: Politoed|13/100
|-supereffective|p2a: Politoed
|-damage|p2a: Politoed|0 fnt
|faint|p2a: Politoed
|-hitcount|p2: Politoed|2
|
|-weather|RainDance|[upkeep]
|upkeep
|
|t:|1644090965
|switch|p2a: Toxicroak|Toxicroak, M|91/100
|turn|14
|
|t:|1644090982
|move|p1a: Breloom|Bullet Seed|p2a: Toxicroak
|-resisted|p2a: Toxicroak
|-damage|p2a: Toxicroak|74/100
|-resisted|p2a: Toxicroak
|-crit|p2a: Toxicroak
|-damage|p2a: Toxicroak|45/100
|-resisted|p2a: Toxicroak
|-damage|p2a: Toxicroak|29/100
|-hitcount|p2a: Toxicroak|3
|move|p2a: Toxicroak|Ice Punch|p1a: Breloom
|-supereffective|p1a: Breloom
|-damage|p1a: Breloom|0 fnt
|faint|p1a: Breloom
|-damage|p2a: Toxicroak|19/100|[from] item: Life Orb
|
|-weather|RainDance|[upkeep]
|-heal|p2a: Toxicroak|32/100|[from] ability: Dry Skin
|upkeep
|
|t:|1644090997
|switch|p1a: Houndoom|Houndoom, M|100/100
|-damage|p1a: Houndoom|76/100|[from] Stealth Rock
|turn|15
|
|t:|1644091005
|move|p2a: Toxicroak|Sucker Punch|p1a: Houndoom
|-resisted|p1a: Houndoom
|-damage|p1a: Houndoom|42/100
|-damage|p2a: Toxicroak|22/100|[from] item: Life Orb
|move|p1a: Houndoom|Fire Blast|p2a: Toxicroak|[miss]
|-miss|p1a: Houndoom|p2a: Toxicroak
|
|-weather|RainDance|[upkeep]
|-heal|p2a: Toxicroak|34/100|[from] ability: Dry Skin
|upkeep
|turn|16
|
|t:|1644091017
|move|p2a: Toxicroak|Sucker Punch|p1a: Houndoom
|-resisted|p1a: Houndoom
|-damage|p1a: Houndoom|7/100
|-damage|p2a: Toxicroak|25/100|[from] item: Life Orb
|move|p1a: Houndoom|Dark Pulse|p2a: Toxicroak
|-resisted|p2a: Toxicroak
|-damage|p2a: Toxicroak|0 fnt
|faint|p2a: Toxicroak
|-damage|p1a: Houndoom|0 fnt|[from] item: Life Orb
|faint|p1a: Houndoom
|
|win|Hatersmad
|n|☆ZarbyXZar|zarbyxzar
|n|☆Hatersmad|hatersmad
|n| efeda3532|efeda3532
