|j|☆skull2323
|j|☆rexxonmobile
|t:|1643944425
|gametype|singles
|player|p1|skull2323|ghetsis|1208
|player|p2|rexxonmobile|266|1269
|teamsize|p1|6
|teamsize|p2|6
|gen|5
|tier|[Gen 5] OU
|rated|
|rule|Species Clause: Limit one of each Pokémon
|rule|OHKO Clause: OHKO moves are banned
|rule|Moody Clause: Moody is banned
|rule|Evasion Moves Clause: Evasion moves are banned
|rule|Endless Battle Clause: Forcing endless battles is banned
|rule|HP Percentage Mod: HP is shown in percentages
|rule|Evasion Abilities Clause: Evasion abilities are banned
|rule|Sleep Clause: Sleep-inducing moves are banned
|rule|Swagger Clause: Swagger is banned
|clearpoke
|poke|p1|Politoed, F|item
|poke|p1|Keldeo-Resolute|item
|poke|p1|Tentacruel, F|item
|poke|p1|Starmie|item
|poke|p1|Ferrothorn, F|item
|poke|p1|Thundurus-Therian, M|item
|poke|p2|Landorus-Therian, M|item
|poke|p2|Rotom-Wash|item
|poke|p2|Scizor, F|item
|poke|p2|Espeon, M|item
|poke|p2|Infernape, M|item
|poke|p2|Jolteon, F|item
|teampreview
|
|t:|1643944446
|start
|switch|p1a: Politoed|Politoed, F, shiny|100/100
|switch|p2a: Infernape|Infernape, M|100/100
|-weather|RainDance|[from] ability: Drizzle|[of] p1a: Politoed
|turn|1
|
|t:|1643944462
|move|p1a: Politoed|Protect|p1a: Politoed
|-singleturn|p1a: Politoed|Protect
|move|p2a: Infernape|U-turn|p1a: Politoed
|-activate|p1a: Politoed|move: Protect
|
|-weather|RainDance|[upkeep]
|upkeep
|turn|2
|
|t:|1643944466
|move|p2a: Infernape|Stealth Rock|p1a: Politoed
|-sidestart|p1: skull2323|move: Stealth Rock
|move|p1a: Politoed|Toxic|p2a: Infernape
|-status|p2a: Infernape|tox
|
|-weather|RainDance|[upkeep]
|-damage|p2a: Infernape|94/100 tox|[from] psn
|upkeep
|turn|3
|
|t:|1643944473
|move|p2a: Infernape|U-turn|p1a: Politoed
|-damage|p1a: Politoed|87/100
|
|t:|1643944477
|switch|p2a: Rotom|Rotom-Wash|100/100|[from]move: U-turn
|move|p1a: Politoed|Scald|p2a: Rotom
|-resisted|p2a: Rotom
|-damage|p2a: Rotom|76/100
|
|-weather|RainDance|[upkeep]
|-heal|p1a: Politoed|94/100|[from] item: Leftovers
|upkeep
|turn|4
|
|t:|1643944487
|move|p1a: Politoed|Protect|p1a: Politoed
|-singleturn|p1a: Politoed|Protect
|move|p2a: Rotom|Trick|p1a: Politoed
|-activate|p1a: Politoed|move: Protect
|
|-weather|RainDance|[upkeep]
|-heal|p1a: Politoed|99/100|[from] item: Leftovers
|upkeep
|turn|5
|
|t:|1643944498
|switch|p2a: Infernape|Infernape, M|94/100 tox
|switch|p1a: Keldeo|Keldeo-Resolute|100/100
|-damage|p1a: Keldeo|94/100|[from] Stealth Rock
|
|-weather|RainDance|[upkeep]
|-damage|p2a: Infernape|88/100 tox|[from] psn
|upkeep
|turn|6
|
|t:|1643944508
|move|p1a: Keldeo|Hydro Pump|p2a: Infernape
|-supereffective|p2a: Infernape
|-damage|p2a: Infernape|0 fnt
|faint|p2a: Infernape
|
|-weather|RainDance|[upkeep]
|upkeep
|
|t:|1643944518
|switch|p2a: Rotom|Rotom-Wash|76/100
|turn|7
|
|t:|1643944534
|move|p2a: Rotom|Volt Switch|p1a: Keldeo
|-supereffective|p1a: Keldeo
|-damage|p1a: Keldeo|16/100
|
|t:|1643944546
|switch|p2a: Espeon|Espeon, M|100/100|[from]move: Volt Switch
|move|p1a: Keldeo|Hydro Pump|p2a: Espeon
|-damage|p2a: Espeon|0 fnt
|faint|p2a: Espeon
|
|-weather|RainDance|[upkeep]
|upkeep
|j| 3ck5d33
|l| 3ck5d33
|
|t:|1643944563
|switch|p2a: Jolteon|Jolteon, F|100/100
|turn|8
|
|t:|1643944568
|move|p2a: Jolteon|Shadow Ball|p1a: Keldeo
|-damage|p1a: Keldeo|0 fnt
|faint|p1a: Keldeo
|
|-weather|RainDance|[upkeep]
|upkeep
|
|t:|1643944573
|switch|p1a: Ferrothorn|Ferrothorn, F, shiny|100/100
|-damage|p1a: Ferrothorn|94/100|[from] Stealth Rock
|turn|9
|
|t:|1643944595
|switch|p2a: Scizor|Scizor, F|100/100
|move|p1a: Ferrothorn|Leech Seed|p2a: Scizor
|-start|p2a: Scizor|move: Leech Seed
|
|-weather|RainDance|[upkeep]
|-damage|p2a: Scizor|88/100|[from] Leech Seed|[of] p1a: Ferrothorn
|-heal|p1a: Ferrothorn|100/100|[silent]
|upkeep
|turn|10
|
|t:|1643944603
|move|p2a: Scizor|U-turn|p1a: Ferrothorn
|-damage|p1a: Ferrothorn|81/100
|-damage|p2a: Scizor|76/100|[from] ability: Iron Barbs|[of] p1a: Ferrothorn
|-damage|p2a: Scizor|59/100|[from] item: Rocky Helmet|[of] p1a: Ferrothorn
|
|t:|1643944608
|switch|p2a: Rotom|Rotom-Wash|76/100|[from]move: U-turn
|move|p1a: Ferrothorn|Thunder Wave|p2a: Rotom
|-status|p2a: Rotom|par
|
|-weather|RainDance|[upkeep]
|upkeep
|turn|11
|
|t:|1643944614
|move|p2a: Rotom|Trick|p1a: Ferrothorn
|-activate|p2a: Rotom|move: Trick|[of] p1a: Ferrothorn
|-item|p1a: Ferrothorn|Choice Scarf|[from] move: Trick
|-item|p2a: Rotom|Rocky Helmet|[from] move: Trick
|move|p1a: Ferrothorn|Leech Seed|p2a: Rotom
|-start|p2a: Rotom|move: Leech Seed
|
|-weather|RainDance|[upkeep]
|-damage|p2a: Rotom|64/100 par|[from] Leech Seed|[of] p1a: Ferrothorn
|-heal|p1a: Ferrothorn|90/100|[silent]
|upkeep
|turn|12
|
|t:|1643944622
|switch|p1a: Thundurus|Thundurus-Therian, M, shiny|100/100
|-damage|p1a: Thundurus|76/100|[from] Stealth Rock
|move|p2a: Rotom|Volt Switch|p1a: Thundurus
|-heal|p1a: Thundurus|100/100|[from] ability: Volt Absorb|[of] p2a: Rotom
|
|-weather|RainDance|[upkeep]
|-damage|p2a: Rotom|52/100 par|[from] Leech Seed|[of] p1a: Thundurus
|upkeep
|turn|13
|
|t:|1643944627
|move|p1a: Thundurus|Thunder|p2a: Rotom
|-enditem|p1a: Thundurus|Electric Gem|[from] gem
|-crit|p2a: Rotom
|-damage|p2a: Rotom|0 fnt
|faint|p2a: Rotom
|
|-weather|RainDance|[upkeep]
|upkeep
|
|t:|1643944632
|switch|p2a: Scizor|Scizor, F|59/100
|turn|14
|
|t:|1643944634
|move|p1a: Thundurus|Thunder|p2a: Scizor
|-damage|p2a: Scizor|2/100
|-status|p2a: Scizor|par
|move|p2a: Scizor|Swords Dance|p2a: Scizor
|-boost|p2a: Scizor|atk|2
|
|-weather|RainDance|[upkeep]
|-heal|p2a: Scizor|8/100 par|[from] item: Leftovers
|upkeep
|turn|15
|
|t:|1643944642
|move|p2a: Scizor|Bullet Punch|p1a: Thundurus
|-resisted|p1a: Thundurus
|-damage|p1a: Thundurus|64/100
|move|p1a: Thundurus|Thunder|p2a: Scizor
|-damage|p2a: Scizor|0 fnt
|faint|p2a: Scizor
|
|-weather|RainDance|[upkeep]
|upkeep
|
|t:|1643944646
|switch|p2a: Jolteon|Jolteon, F|100/100
|turn|16
|
|t:|1643944650
|move|p2a: Jolteon|Hidden Power|p1a: Thundurus
|-supereffective|p1a: Thundurus
|-damage|p1a: Thundurus|8/100
|move|p1a: Thundurus|U-turn|p2a: Jolteon
|-damage|p2a: Jolteon|71/100
|
|t:|1643944653
|switch|p1a: Tentacruel|Tentacruel, F, shiny|100/100|[from]move: U-turn
|-damage|p1a: Tentacruel|88/100|[from] Stealth Rock
|
|-weather|RainDance|[upkeep]
|-heal|p1a: Tentacruel|94/100|[from] ability: Rain Dish
|-heal|p1a: Tentacruel|99/100|[from] item: Black Sludge
|upkeep
|turn|17
|
|t:|1643944659
|move|p2a: Jolteon|Thunderbolt|p1a: Tentacruel
|-supereffective|p1a: Tentacruel
|-damage|p1a: Tentacruel|13/100
|move|p1a: Tentacruel|Rapid Spin|p2a: Jolteon
|-damage|p2a: Jolteon|66/100
|-sideend|p1: skull2323|Stealth Rock|[from] move: Rapid Spin|[of] p1a: Tentacruel
|
|-weather|RainDance|[upkeep]
|-heal|p1a: Tentacruel|19/100|[from] ability: Rain Dish
|-heal|p1a: Tentacruel|25/100|[from] item: Black Sludge
|upkeep
|turn|18
|
|t:|1643944670
|switch|p1a: Thundurus|Thundurus-Therian, M, shiny|8/100
|move|p2a: Jolteon|Shadow Ball|p1a: Thundurus
|-damage|p1a: Thundurus|0 fnt
|faint|p1a: Thundurus
|
|-weather|RainDance|[upkeep]
|upkeep
|
|t:|1643944674
|switch|p1a: Ferrothorn|Ferrothorn, F, shiny|90/100
|turn|19
|
|t:|1643944685
|move|p2a: Jolteon|Thunderbolt|p1a: Ferrothorn
|-resisted|p1a: Ferrothorn
|-damage|p1a: Ferrothorn|73/100
|move|p1a: Ferrothorn|Power Whip|p2a: Jolteon
|-damage|p2a: Jolteon|0 fnt
|faint|p2a: Jolteon
|
|-weather|RainDance|[upkeep]
|upkeep
|
|t:|1643944690
|switch|p2a: Landorus|Landorus-Therian, M|100/100
|-ability|p2a: Landorus|Intimidate|boost
|-unboost|p1a: Ferrothorn|atk|1
|turn|20
|
|t:|1643944695
|switch|p1a: Tentacruel|Tentacruel, F, shiny|25/100
|move|p2a: Landorus|Earthquake|p1a: Tentacruel
|-supereffective|p1a: Tentacruel
|-damage|p1a: Tentacruel|0 fnt
|faint|p1a: Tentacruel
|
|-weather|RainDance|[upkeep]
|upkeep
|
|t:|1643944700
|switch|p1a: Ferrothorn|Ferrothorn, F, shiny|73/100
|turn|21
|
|t:|1643944704
|move|p2a: Landorus|Earthquake|p1a: Ferrothorn
|-damage|p1a: Ferrothorn|39/100
|move|p1a: Ferrothorn|Leech Seed|p2a: Landorus
|-start|p2a: Landorus|move: Leech Seed
|
|-weather|RainDance|[upkeep]
|-damage|p2a: Landorus|88/100|[from] Leech Seed|[of] p1a: Ferrothorn
|-heal|p1a: Ferrothorn|50/100|[silent]
|upkeep
|turn|22
|
|t:|1643944711
|move|p2a: Landorus|Earthquake|p1a: Ferrothorn
|-damage|p1a: Ferrothorn|18/100
|move|p1a: Ferrothorn|Leech Seed||[still]
|-fail|p1a: Ferrothorn
|
|-weather|RainDance|[upkeep]
|-damage|p2a: Landorus|75/100|[from] Leech Seed|[of] p1a: Ferrothorn
|-heal|p1a: Ferrothorn|29/100|[silent]
|upkeep
|turn|23
|
|t:|1643944719
|move|p2a: Landorus|Earthquake|p1a: Ferrothorn
|-damage|p1a: Ferrothorn|0 fnt
|faint|p1a: Ferrothorn
|
|-weather|RainDance|[upkeep]
|upkeep
|
|t:|1643944722
|switch|p1a: Politoed|Politoed, F, shiny|99/100
|turn|24
|
|t:|1643944726
|move|p2a: Landorus|Earthquake|p1a: Politoed
|-damage|p1a: Politoed|57/100
|move|p1a: Politoed|Perish Song|p1a: Politoed
|-start|p1a: Politoed|perish3|[silent]
|-start|p2a: Landorus|perish3|[silent]
|-fieldactivate|move: Perish Song
|
|-weather|RainDance|[upkeep]
|-heal|p1a: Politoed|63/100|[from] item: Leftovers
|-damage|p2a: Landorus|63/100|[from] Leech Seed|[of] p1a: Politoed
|-heal|p1a: Politoed|74/100|[silent]
|-start|p2a: Landorus|perish3
|-start|p1a: Politoed|perish3
|upkeep
|turn|25
|
|t:|1643944731
|move|p1a: Politoed|Protect|p1a: Politoed
|-singleturn|p1a: Politoed|Protect
|move|p2a: Landorus|Earthquake|p1a: Politoed
|-activate|p1a: Politoed|move: Protect
|
|-weather|RainDance|[upkeep]
|-heal|p1a: Politoed|80/100|[from] item: Leftovers
|-damage|p2a: Landorus|50/100|[from] Leech Seed|[of] p1a: Politoed
|-heal|p1a: Politoed|90/100|[silent]
|-start|p2a: Landorus|perish2
|-start|p1a: Politoed|perish2
|upkeep
|turn|26
|
|t:|1643944735
|move|p2a: Landorus|Earthquake|p1a: Politoed
|-damage|p1a: Politoed|45/100
|move|p1a: Politoed|Scald|p2a: Landorus
|-supereffective|p2a: Landorus
|-damage|p2a: Landorus|0 fnt
|faint|p2a: Landorus
|
|win|skull2323
|raw|skull2323's rating: 1208 &rarr; <strong>1237</strong><br />(+29 for winning)
|raw|rexxonmobile's rating: 1269 &rarr; <strong>1240</strong><br />(-29 for losing)
