|j|☆Bart da big bear
|j|☆P.S.Ash
|inactive|Battle timer is ON: inactive players will automatically lose when time's up.
|t:|1623441847
|gametype|singles
|player|p1|Bart da big bear|chuck|
|player|p2|P.S.Ash|ash-kalos|
|teamsize|p1|6
|teamsize|p2|6
|gen|5
|tier|[Gen 5] LC
|rated|Tournament battle
|rule|Species Clause: Limit one of each Pokémon
|rule|OHKO Clause: OHKO moves are banned
|rule|Moody Clause: Moody is banned
|rule|Evasion Moves Clause: Evasion moves are banned
|rule|Endless Battle Clause: Forcing endless battles is banned
|rule|HP Percentage Mod: HP is shown in percentages
|rule|Sleep Clause: Sleep-inducing moves are banned
|clearpoke
|poke|p1|Cranidos, L5, M|item
|poke|p1|Mienfoo, L5, M|item
|poke|p1|Ferroseed, L5, M|item
|poke|p1|Abra, L5, M|item
|poke|p1|Shellder, L5, M|item
|poke|p1|Lileep, L5, F|item
|poke|p2|Dwebble, L5, F|item
|poke|p2|Carvanha, L5, F|item
|poke|p2|Timburr, L5, M|item
|poke|p2|Drifloon, L5, M|item
|poke|p2|Magnemite, L5|item
|poke|p2|Abra, L5, F|item
|teampreview
|j|*Lady Monita
|j| HeartsDo
|j| BHPO
|j| axelraid
|j| magicforbeginners
|l| axelraid
|j| Wubben
|l| BHPO
|j| zokua
|l| zokua
|
|t:|1623441867
|start
|switch|p1a: Mienfoo|Mienfoo, L5, M|100/100
|switch|p2a: Timburr|Timburr, L5, M|100/100
|turn|1
|
|t:|1623441882
|move|p1a: Mienfoo|High Jump Kick|p2a: Timburr
|-damage|p2a: Timburr|52/100
|move|p2a: Timburr|Bulk Up|p2a: Timburr
|-boost|p2a: Timburr|atk|1
|-boost|p2a: Timburr|def|1
|
|upkeep
|turn|2
|j| Kinetic1000
|
|t:|1623441892
|move|p1a: Mienfoo|High Jump Kick|p2a: Timburr
|-damage|p2a: Timburr|16/100
|move|p2a: Timburr|Drain Punch|p1a: Mienfoo
|-damage|p1a: Mienfoo|43/100
|-heal|p2a: Timburr|40/100|[from] drain|[of] p1a: Mienfoo
|
|upkeep
|turn|3
|inactive|Bart da big bear has 120 seconds left.
|inactive|P.S.Ash has 120 seconds left.
|
|t:|1623441929
|move|p1a: Mienfoo|High Jump Kick|p2a: Timburr
|-damage|p2a: Timburr|4/100
|move|p2a: Timburr|Drain Punch|p1a: Mienfoo
|-damage|p1a: Mienfoo|0 fnt
|-heal|p2a: Timburr|24/100|[from] drain|[of] p1a: Mienfoo
|faint|p1a: Mienfoo
|
|upkeep
|j| PakiMan1992
|inactive|Bart da big bear has 120 seconds left.
|
|t:|1623441941
|switch|p1a: Abra|Abra, L5, M, shiny|100/100
|turn|4
|
|t:|1623441946
|move|p2a: Timburr|Mach Punch|p1a: Abra
|-resisted|p1a: Abra
|-crit|p1a: Abra
|-damage|p1a: Abra|6/100
|move|p1a: Abra|Psychic|p2a: Timburr
|-supereffective|p2a: Timburr
|-damage|p2a: Timburr|0 fnt
|faint|p2a: Timburr
|
|upkeep
|
|t:|1623441952
|switch|p2a: Carvanha|Carvanha, L5, F|100/100
|turn|5
|
|t:|1623441964
|switch|p1a: Lileep|Lileep, L5, F, shiny|100/100
|move|p2a: Carvanha|Aqua Jet|p1a: Lileep
|-ability|p1a: Lileep|Storm Drain|boost
|-boost|p1a: Lileep|spa|1
|
|-ability|p2a: Carvanha|Speed Boost|boost
|-boost|p2a: Carvanha|spe|1
|upkeep
|turn|6
|inactive|Bart da big bear has 120 seconds left.
|
|t:|1623441988
|move|p2a: Carvanha|Crunch|p1a: Lileep
|-damage|p1a: Lileep|54/100
|-damage|p2a: Carvanha|95/100|[from] item: Life Orb
|move|p1a: Lileep|Stealth Rock|p2a: Carvanha
|-sidestart|p2: P.S.Ash|move: Stealth Rock
|
|-ability|p2a: Carvanha|Speed Boost|boost
|-boost|p2a: Carvanha|spe|1
|upkeep
|turn|7
|
|t:|1623441997
|move|p2a: Carvanha|Crunch|p1a: Lileep
|-damage|p1a: Lileep|20/100
|-damage|p2a: Carvanha|90/100|[from] item: Life Orb
|move|p1a: Lileep|Giga Drain|p2a: Carvanha
|-supereffective|p2a: Carvanha
|-damage|p2a: Carvanha|0 fnt
|-heal|p1a: Lileep|54/100|[from] drain|[of] p2a: Carvanha
|faint|p2a: Carvanha
|
|upkeep
|
|t:|1623442004
|switch|p2a: Magnemite|Magnemite, L5|100/100
|-damage|p2a: Magnemite|95/100|[from] Stealth Rock
|turn|8
|j| toxya
|inactive|Bart da big bear has 120 seconds left.
|
|t:|1623442025
|switch|p1a: Ferroseed|Ferroseed, L5, M|100/100
|move|p2a: Magnemite|Flash Cannon|p1a: Ferroseed
|-resisted|p1a: Ferroseed
|-crit|p1a: Ferroseed
|-damage|p1a: Ferroseed|67/100
|
|upkeep
|turn|9
|c|☆Bart da big bear|wow
|inactive|Bart da big bear has 120 seconds left.
|
|t:|1623442038
|switch|p2a: Abra|Abra, L5, F|100/100
|move|p1a: Ferroseed|Leech Seed|p2a: Abra
|-start|p2a: Abra|move: Leech Seed
|
|upkeep
|turn|10
|inactive|Bart da big bear has 120 seconds left.
|
|t:|1623442062
|move|p2a: Abra|Shadow Ball|p1a: Ferroseed
|-resisted|p1a: Ferroseed
|-damage|p1a: Ferroseed|50/100
|move|p1a: Ferroseed|Spikes|p2a: Abra
|-sidestart|p2: P.S.Ash|Spikes
|
|upkeep
|turn|11
|
|t:|1623442075
|move|p2a: Abra|Hidden Power|p1a: Ferroseed
|-supereffective|p1a: Ferroseed
|-damage|p1a: Ferroseed|0 fnt
|faint|p1a: Ferroseed
|
|upkeep
|
|t:|1623442092
|switch|p1a: Abra|Abra, L5, M, shiny|6/100
|turn|12
|
|t:|1623442101
|move|p2a: Abra|Hidden Power|p1a: Abra
|-resisted|p1a: Abra
|-damage|p1a: Abra|0 fnt
|faint|p1a: Abra
|
|upkeep
|
|t:|1623442106
|switch|p1a: Cranidos|Cranidos, L5, M, shiny|100/100
|turn|13
|
|t:|1623442110
|move|p1a: Cranidos|Crunch|p2a: Abra
|-supereffective|p2a: Abra
|-damage|p2a: Abra|0 fnt
|faint|p2a: Abra
|
|upkeep
|
|t:|1623442114
|switch|p2a: Magnemite|Magnemite, L5|95/100
|-damage|p2a: Magnemite|90/100|[from] Stealth Rock
|-damage|p2a: Magnemite|79/100|[from] Spikes
|turn|14
|j| pigsaysoinkoink111
|
|t:|1623442120
|switch|p1a: Lileep|Lileep, L5, F, shiny|54/100
|move|p2a: Magnemite|Volt Switch|p1a: Lileep
|-resisted|p1a: Lileep
|-damage|p1a: Lileep|43/100
|
|t:|1623442124
|switch|p2a: Drifloon|Drifloon, L5, M|100/100|[from]move: Volt Switch
|-damage|p2a: Drifloon|77/100|[from] Stealth Rock
|
|upkeep
|turn|15
|
|t:|1623442130
|move|p2a: Drifloon|Acrobatics|p1a: Lileep
|-enditem|p2a: Drifloon|Flying Gem|[from] gem
|-damage|p1a: Lileep|0 fnt
|faint|p1a: Lileep
|
|upkeep
|
|t:|1623442136
|switch|p1a: Shellder|Shellder, L5, M|100/100
|turn|16
|j| Pokemonyifi008
|
|t:|1623442142
|move|p2a: Drifloon|Shadow Ball|p1a: Shellder
|-crit|p1a: Shellder
|-damage|p1a: Shellder|0 fnt
|faint|p1a: Shellder
|
|upkeep
|c|☆Bart da big bear|wow 3 crits
|c|☆Bart da big bear|luck village
|
|t:|1623442164
|switch|p1a: Cranidos|Cranidos, L5, M, shiny|100/100
|turn|17
|c|☆P.S.Ash|Well not my fault though
|j| axelraid
|
|t:|1623442181
|move|p2a: Drifloon|Hidden Power|p1a: Cranidos
|-supereffective|p1a: Cranidos
|-damage|p1a: Cranidos|31/100
|move|p1a: Cranidos|Crunch|p2a: Drifloon
|-supereffective|p2a: Drifloon
|-damage|p2a: Drifloon|0 fnt
|faint|p2a: Drifloon
|
|upkeep
|j| zokua
|
|t:|1623442186
|switch|p2a: Magnemite|Magnemite, L5|79/100
|-damage|p2a: Magnemite|69/100|[from] Spikes
|-damage|p2a: Magnemite|64/100|[from] Stealth Rock
|turn|18
|c|☆Bart da big bear|just saying
|c|☆P.S.Ash|gg
|c|☆Bart da big bear|total bs
|
|t:|1623442198
|move|p1a: Cranidos|Crunch|p2a: Magnemite
|-resisted|p2a: Magnemite
|-crit|p2a: Magnemite
|-damage|p2a: Magnemite|0 fnt
|faint|p2a: Magnemite
|
|upkeep
|n| Kinetic1000@!|kinetic1000
|
|t:|1623442202
|switch|p2a: Dwebble|Dwebble, L5, F|100/100
|-damage|p2a: Dwebble|78/100|[from] Stealth Rock
|-damage|p2a: Dwebble|69/100|[from] Spikes
|turn|19
|
|t:|1623442207
|move|p1a: Cranidos|Crunch|p2a: Dwebble
|-damage|p2a: Dwebble|14/100
|-enditem|p2a: Dwebble|Oran Berry|[eat]
|-heal|p2a: Dwebble|60/100|[from] item: Oran Berry
|move|p2a: Dwebble|Rock Blast|p1a: Cranidos
|-damage|p1a: Cranidos|5/100
|-damage|p1a: Cranidos|0 fnt
|faint|p1a: Cranidos
|-hitcount|p1: Cranidos|2
|
|win|P.S.Ash
|n|☆Bart da big bear|bartdabigbear
|n|☆P.S.Ash|psash
|n|*Lady Monita|ladymonita
|n| HeartsDo|heartsdo
|n| magicforbeginners|magicforbeginners
|n| Wubben|wubben
|n| Kinetic1000@!|kinetic1000
|n| PakiMan1992|pakiman1992
|n| toxya|toxya
|n| pigsaysoinkoink111|pigsaysoinkoink111
|n| Pokemonyifi008|pokemonyifi008
|n| axelraid|axelraid
|n| zokua|zokua
