|j|☆brendog66
|j|☆App_r0x
|inactive|Battle timer is ON: inactive players will automatically lose when time's up.
|t:|1623017136
|gametype|singles
|player|p1|brendog66|ethan|
|player|p2|App_r0x|wulfric|
|teamsize|p1|6
|teamsize|p2|6
|gen|5
|tier|[Gen 5] LC
|rated|Tournament battle
|rule|Species Clause: Limit one of each Pokémon
|rule|OHKO Clause: OHKO moves are banned
|rule|Moody Clause: Moody is banned
|rule|Evasion Moves Clause: Evasion moves are banned
|rule|Endless Battle Clause: Forcing endless battles is banned
|rule|HP Percentage Mod: HP is shown in percentages
|rule|Sleep Clause: Sleep-inducing moves are banned
|clearpoke
|poke|p1|Abra, L5, F|item
|poke|p1|Gastly, L5, F|item
|poke|p1|Staryu, L5|item
|poke|p1|Timburr, L5, F|item
|poke|p1|Magnemite, L5|item
|poke|p1|Drilbur, L5, M|item
|poke|p2|Abra, L5, F|item
|poke|p2|Gastly, L5, M|item
|poke|p2|Staryu, L5|item
|poke|p2|Timburr, L5, M|item
|poke|p2|Magnemite, L5|item
|poke|p2|Drilbur, L5, F|item
|teampreview
|c|☆App_r0x|same sample
|inactive|brendog66 has 120 seconds left.
|c|☆brendog66|i am in a nother tour
|c|☆brendog66|lol
|c|☆App_r0x|lol
|inactive|brendog66 has 90 seconds left.
|
|t:|1623017198
|start
|switch|p1a: Magnemite|Magnemite, L5|100/100
|switch|p2a: Drilbur|Drilbur, L5, F|100/100
|-ability|p2a: Drilbur|Mold Breaker
|turn|1
|
|t:|1623017210
|switch|p1a: Gastly|Gastly, L5, F|100/100
|move|p2a: Drilbur|Stealth Rock|p1a: Gastly
|-sidestart|p1: brendog66|move: Stealth Rock
|
|upkeep
|turn|2
|
|t:|1623017227
|switch|p2a: Abra|Abra, L5, F|100/100
|move|p1a: Gastly|Shadow Ball|p2a: Abra
|-supereffective|p2a: Abra
|-damage|p2a: Abra|0 fnt
|faint|p2a: Abra
|-damage|p1a: Gastly|95/100|[from] item: Life Orb
|
|upkeep
|
|t:|1623017242
|switch|p2a: Staryu|Staryu, L5|100/100
|turn|3
|inactive|brendog66 has 120 seconds left.
|
|t:|1623017274
|move|p2a: Staryu|Scald|p1a: Gastly
|-damage|p1a: Gastly|32/100
|-status|p1a: Gastly|brn
|move|p1a: Gastly|Shadow Ball|p2a: Staryu
|-damage|p2a: Staryu|39/100
|-damage|p1a: Gastly|27/100 brn|[from] item: Life Orb
|
|-damage|p1a: Gastly|16/100 brn|[from] brn
|upkeep
|turn|4
|inactive|brendog66 has 120 seconds left.
|
|t:|1623017306
|move|p2a: Staryu|Scald|p1a: Gastly
|-damage|p1a: Gastly|0 fnt
|faint|p1a: Gastly
|
|upkeep
|
|t:|1623017310
|switch|p1a: Magnemite|Magnemite, L5|100/100
|-damage|p1a: Magnemite|95/100|[from] Stealth Rock
|turn|5
|
|t:|1623017322
|switch|p2a: Drilbur|Drilbur, L5, F|100/100
|-ability|p2a: Drilbur|Mold Breaker
|move|p1a: Magnemite|Volt Switch|p2a: Drilbur
|-immune|p2a: Drilbur
|
|upkeep
|turn|6
|inactive|brendog66 has 120 seconds left.
|
|t:|1623017334
|switch|p1a: Staryu|Staryu, L5|100/100
|-damage|p1a: Staryu|91/100|[from] Stealth Rock
|move|p2a: Drilbur|Earthquake|p1a: Staryu
|-damage|p1a: Staryu|48/100
|
|upkeep
|turn|7
|inactive|brendog66 has 120 seconds left.
|
|t:|1623017345
|switch|p2a: Magnemite|Magnemite, L5|100/100
|move|p1a: Staryu|Recover|p1a: Staryu
|-heal|p1a: Staryu|100/100
|
|upkeep
|turn|8
|inactive|brendog66 has 120 seconds left.
|
|t:|1623017355
|move|p2a: Magnemite|Thunderbolt|p1a: Staryu
|-supereffective|p1a: Staryu
|-damage|p1a: Staryu|0 fnt
|faint|p1a: Staryu
|
|upkeep
|inactive|brendog66 has 120 seconds left.
|
|t:|1623017366
|switch|p1a: Timburr|Timburr, L5, F|100/100
|-damage|p1a: Timburr|96/100|[from] Stealth Rock
|turn|9
|inactive|brendog66 has 120 seconds left.
|
|t:|1623017378
|switch|p2a: Gastly|Gastly, L5, M|100/100
|move|p1a: Timburr|Bulk Up|p1a: Timburr
|-boost|p1a: Timburr|atk|1
|-boost|p1a: Timburr|def|1
|
|upkeep
|turn|10
|inactive|brendog66 has 120 seconds left.
|c|☆App_r0x|gtg
|-message|App_r0x forfeited.
|
|win|brendog66
|n|☆brendog66|brendog66
|n|☆App_r0x|appr0x
