|j|☆kiyankiyankiyan
|j|☆tamoor69
|t:|1638651404
|gametype|singles
|player|p1|kiyankiyankiyan|shadowtriad|
|player|p2|tamoor69|depotagent|
|teamsize|p1|6
|teamsize|p2|6
|gen|5
|tier|[Gen 5] UU
|rule|Species Clause: Limit one of each Pokémon
|rule|OHKO Clause: OHKO moves are banned
|rule|Moody Clause: Moody is banned
|rule|Evasion Moves Clause: Evasion moves are banned
|rule|Endless Battle Clause: Forcing endless battles is banned
|rule|HP Percentage Mod: HP is shown in percentages
|rule|Evasion Abilities Clause: Evasion abilities are banned
|rule|Swagger Clause: Swagger is banned
|rule|Sleep Clause Mod: Limit one foe put to sleep
|clearpoke
|poke|p1|Scrafty, F|item
|poke|p1|Zebstrika, F|item
|poke|p1|Shuckle, F|item
|poke|p1|Porygon2|item
|poke|p1|Drifblim, F|item
|poke|p1|Durant, F|item
|poke|p2|Simipour, F|item
|poke|p2|Ambipom, F|item
|poke|p2|Zoroark, F|item
|poke|p2|Simisage, F|item
|poke|p2|Darmanitan, F|item
|poke|p2|Primeape, F|item
|teampreview
|
|t:|1638651417
|start
|switch|p1a: Drifblim|Drifblim, F, shiny|100/100
|switch|p2a: monke2|Ambipom, F|100/100
|turn|1
|c|☆tamoor69|i dare you not to switch
|c|☆tamoor69|i fuggin dare you to use acrobatics
|c|☆kiyankiyankiyan|ok
|
|t:|1638651476
|move|p2a: monke2|Pursuit|p1a: Drifblim
|-supereffective|p1a: Drifblim
|-damage|p1a: Drifblim|45/100
|-damage|p2a: monke2|91/100|[from] item: Life Orb
|move|p1a: Drifblim|Thunderbolt|p2a: monke2
|-damage|p2a: monke2|44/100
|
|-status|p1a: Drifblim|brn|[from] item: Flame Orb
|upkeep
|turn|2
|
|t:|1638651491
|move|p2a: monke2|Pursuit|p1a: Drifblim
|-supereffective|p1a: Drifblim
|-damage|p1a: Drifblim|0 fnt
|faint|p1a: Drifblim
|-damage|p2a: monke2|35/100|[from] item: Life Orb
|
|upkeep
|
|t:|1638651527
|switch|p1a: Zebstrika|Zebstrika, F, shiny|100/100
|turn|3
|
|t:|1638651538
|switch|p2a: monke3|Simisage, F|100/100
|move|p1a: Zebstrika|Flame Charge|p2a: monke3
|-supereffective|p2a: monke3
|-crit|p2a: monke3
|-damage|p2a: monke3|1/100
|-boost|p1a: Zebstrika|spe|1
|
|upkeep
|turn|4
|
|t:|1638651549
|move|p1a: Zebstrika|Flame Charge|p2a: monke3
|-supereffective|p2a: monke3
|-damage|p2a: monke3|0 fnt
|-boost|p1a: Zebstrika|spe|1
|faint|p2a: monke3
|
|upkeep
|
|t:|1638651553
|switch|p2a: monke4|Darmanitan, F|100/100
|turn|5
|
|t:|1638651560
|move|p1a: Zebstrika|Wild Charge|p2a: monke4
|-crit|p2a: monke4
|-damage|p2a: monke4|0 fnt
|faint|p2a: monke4
|-damage|p1a: Zebstrika|70/100|[from] Recoil
|
|upkeep
|
|t:|1638651595
|switch|p2a: monke2|Ambipom, F|35/100
|turn|6
|
|t:|1638651604
|move|p2a: monke2|Fake Out|p1a: Zebstrika
|-damage|p1a: Zebstrika|15/100
|-enditem|p1a: Zebstrika|Sitrus Berry|[eat]
|-heal|p1a: Zebstrika|40/100|[from] item: Sitrus Berry
|-damage|p2a: monke2|25/100|[from] item: Life Orb
|cant|p1a: Zebstrika|flinch
|
|upkeep
|turn|7
|
|t:|1638651612
|switch|p2a: monke5|Primeape, F|100/100
|move|p1a: Zebstrika|Flame Charge|p2a: monke5
|-damage|p2a: monke5|72/100
|-boost|p1a: Zebstrika|spe|1
|replace|p2a: monke????|Zoroark, F
|-end|p2a: monke????|Illusion
|
|upkeep
|turn|8
|
|t:|1638651620
|move|p1a: Zebstrika|Wild Charge|p2a: monke????
|-damage|p2a: monke????|0 fnt
|faint|p2a: monke????
|-damage|p1a: Zebstrika|24/100|[from] Recoil
|
|upkeep
|
|t:|1638651623
|switch|p2a: monke2|Ambipom, F|25/100
|turn|9
|
|t:|1638651627
|move|p1a: Zebstrika|Protect|p1a: Zebstrika
|-singleturn|p1a: Zebstrika|Protect
|move|p2a: monke2|Fake Out|p1a: Zebstrika
|-activate|p1a: Zebstrika|move: Protect
|
|upkeep
|turn|10
|
|t:|1638651634
|move|p1a: Zebstrika|Flame Charge|p2a: monke2
|-damage|p2a: monke2|0 fnt
|-boost|p1a: Zebstrika|spe|1
|faint|p2a: monke2
|
|upkeep
|
|t:|1638651637
|switch|p2a: monke5|Primeape, F|100/100
|turn|11
|
|t:|1638651643
|move|p1a: Zebstrika|Wild Charge|p2a: monke5
|-damage|p2a: monke5|26/100
|-damage|p1a: Zebstrika|6/100|[from] Recoil
|move|p2a: monke5|Earthquake|p1a: Zebstrika
|-supereffective|p1a: Zebstrika
|-damage|p1a: Zebstrika|0 fnt
|faint|p1a: Zebstrika
|-damage|p2a: monke5|16/100|[from] item: Life Orb
|
|upkeep
|
|t:|1638651654
|switch|p1a: Shuckle|Shuckle, F, shiny|100/100
|turn|12
|
|t:|1638651668
|move|p2a: monke5|Close Combat|p1a: Shuckle
|-damage|p1a: Shuckle|63/100
|-unboost|p2a: monke5|def|1
|-unboost|p2a: monke5|spd|1
|-damage|p2a: monke5|6/100|[from] item: Life Orb
|move|p1a: Shuckle|Toxic|p2a: monke5
|-status|p2a: monke5|tox
|
|-heal|p1a: Shuckle|69/100|[from] item: Leftovers
|-damage|p2a: monke5|0 fnt|[from] psn
|faint|p2a: monke5
|upkeep
|
|t:|1638651669
|switch|p2a: monke1|Simipour, F|100/100
|turn|13
|c|☆kiyankiyankiyan|gg
|
|t:|1638651683
|switch|p1a: Porygon2|Porygon2, shiny|100/100
|move|p2a: monke1|Surf|p1a: Porygon2
|-damage|p1a: Porygon2|71/100
|
|upkeep
|turn|14
|
|t:|1638651689
|move|p2a: monke1|Surf|p1a: Porygon2
|-crit|p1a: Porygon2
|-damage|p1a: Porygon2|13/100
|move|p1a: Porygon2|Thunderbolt|p2a: monke1
|-supereffective|p2a: monke1
|-damage|p2a: monke1|4/100
|
|upkeep
|turn|15
|c|☆tamoor69|gg ez
|
|t:|1638651695
|move|p1a: Porygon2|Protect|p1a: Porygon2
|-singleturn|p1a: Porygon2|Protect
|move|p2a: monke1|Surf|p1a: Porygon2
|-activate|p1a: Porygon2|move: Protect
|
|upkeep
|turn|16
|
|t:|1638651699
|switch|p1a: Durant|Durant, F, shiny|100/100
|move|p2a: monke1|Surf|p1a: Durant
|-damage|p1a: Durant|0 fnt
|faint|p1a: Durant
|
|upkeep
|
|t:|1638651710
|switch|p1a: Porygon2|Porygon2, shiny|13/100
|turn|17
|
|t:|1638651714
|move|p2a: monke1|Surf|p1a: Porygon2
|-damage|p1a: Porygon2|0 fnt
|faint|p1a: Porygon2
|
|upkeep
|
|t:|1638651719
|switch|p1a: Scrafty|Scrafty, F, shiny|100/100
|turn|18
|
|t:|1638651722
|move|p2a: monke1|Surf|p1a: Scrafty
|-damage|p1a: Scrafty|0 fnt
|faint|p1a: Scrafty
|
|upkeep
|c|☆tamoor69|lol
|c|☆kiyankiyankiyan|no
|
|t:|1638651732
|switch|p1a: Shuckle|Shuckle, F, shiny|69/100
|turn|19
|
|t:|1638651735
|move|p2a: monke1|Surf|p1a: Shuckle
|-supereffective|p1a: Shuckle
|-damage|p1a: Shuckle|0 fnt
|faint|p1a: Shuckle
|
|win|tamoor69
|l|☆kiyankiyankiyan
