|j|☆melgaalan
|j|☆Rozzen
|t:|1644103141
|gametype|singles
|player|p1|melgaalan|blue|
|player|p2|Rozzen|lass-gen4|
|teamsize|p1|6
|teamsize|p2|6
|gen|5
|tier|[Gen 5] OU
|rule|Species Clause: Limit one of each Pokémon
|rule|OHKO Clause: OHKO moves are banned
|rule|Moody Clause: Moody is banned
|rule|Evasion Moves Clause: Evasion moves are banned
|rule|Endless Battle Clause: Forcing endless battles is banned
|rule|HP Percentage Mod: HP is shown in percentages
|rule|Evasion Abilities Clause: Evasion abilities are banned
|rule|Sleep Clause: Sleep-inducing moves are banned
|rule|Swagger Clause: Swagger is banned
|clearpoke
|poke|p1|Landorus-Therian, M|item
|poke|p1|Reuniclus, F|item
|poke|p1|Tyranitar, F|item
|poke|p1|Excadrill, F|item
|poke|p1|Rotom-Wash|item
|poke|p1|Latios, M|item
|poke|p2|Cloyster, F|item
|poke|p2|Gastrodon, F|item
|poke|p2|Gyarados, M|item
|poke|p2|Tentacruel, F|item
|poke|p2|Politoed, F|item
|poke|p2|Keldeo-Resolute|item
|teampreview
|inactive|Battle timer is ON: inactive players will automatically lose when time's up. (requested by Rozzen)
|c|☆melgaalan|suerte
|c|☆Rozzen|Suerte
|
|t:|1644103162
|start
|switch|p1a: Landorus|Landorus-Therian, M|100/100
|switch|p2a: Gastrodon|Gastrodon, F|100/100
|-ability|p1a: Landorus|Intimidate|boost
|-unboost|p2a: Gastrodon|atk|1
|turn|1
|
|t:|1644103168
|move|p1a: Landorus|Stealth Rock|p2a: Gastrodon
|-sidestart|p2: Rozzen|move: Stealth Rock
|move|p2a: Gastrodon|Toxic|p1a: Landorus
|-status|p1a: Landorus|tox
|
|-damage|p1a: Landorus|94/100 tox|[from] psn
|upkeep
|turn|2
|
|t:|1644103175
|switch|p1a: Reuniclus|Reuniclus, F|100/100
|move|p2a: Gastrodon|Recover||[still]
|-fail|p2a: Gastrodon|heal
|
|upkeep
|turn|3
|
|t:|1644103180
|switch|p2a: Politoed|Politoed, F|100/100
|-damage|p2a: Politoed|88/100|[from] Stealth Rock
|-weather|RainDance|[from] ability: Drizzle|[of] p2a: Politoed
|move|p1a: Reuniclus|Trick|p2a: Politoed
|-activate|p1a: Reuniclus|move: Trick|[of] p2a: Politoed
|-item|p2a: Politoed|Sticky Barb|[from] move: Trick
|-item|p1a: Reuniclus|Leftovers|[from] move: Trick
|
|-weather|RainDance|[upkeep]
|-damage|p2a: Politoed|76/100|[from] item: Sticky Barb
|upkeep
|turn|4
|
|t:|1644103192
|switch|p2a: Tentacruel|Tentacruel, F|100/100
|-damage|p2a: Tentacruel|88/100|[from] Stealth Rock
|move|p1a: Reuniclus|Thunder Wave|p2a: Tentacruel
|-status|p2a: Tentacruel|par
|
|-weather|RainDance|[upkeep]
|-heal|p2a: Tentacruel|94/100 par|[from] item: Black Sludge
|upkeep
|turn|5
|
|t:|1644103201
|move|p1a: Reuniclus|Psychic|p2a: Tentacruel
|-supereffective|p2a: Tentacruel
|-damage|p2a: Tentacruel|29/100 par
|move|p2a: Tentacruel|Rapid Spin|p1a: Reuniclus
|-damage|p1a: Reuniclus|98/100
|-sideend|p2: Rozzen|Stealth Rock|[from] move: Rapid Spin|[of] p2a: Tentacruel
|
|-weather|RainDance|[upkeep]
|-heal|p1a: Reuniclus|100/100|[from] item: Leftovers
|-heal|p2a: Tentacruel|35/100 par|[from] item: Black Sludge
|upkeep
|turn|6
|
|t:|1644103208
|switch|p2a: Gastrodon|Gastrodon, F|100/100
|move|p1a: Reuniclus|Psychic|p2a: Gastrodon
|-damage|p2a: Gastrodon|74/100
|
|-weather|RainDance|[upkeep]
|-heal|p2a: Gastrodon|80/100|[from] item: Leftovers
|upkeep
|turn|7
|
|t:|1644103228
|move|p2a: Gastrodon|Earth Power|p1a: Reuniclus
|-damage|p1a: Reuniclus|78/100
|-unboost|p1a: Reuniclus|spd|1
|move|p1a: Reuniclus|Psychic|p2a: Gastrodon
|-damage|p2a: Gastrodon|54/100
|
|-weather|RainDance|[upkeep]
|-heal|p2a: Gastrodon|60/100|[from] item: Leftovers
|-heal|p1a: Reuniclus|84/100|[from] item: Leftovers
|upkeep
|turn|8
|
|t:|1644103238
|switch|p1a: Landorus|Landorus-Therian, M|94/100 tox
|-ability|p1a: Landorus|Intimidate|boost
|-unboost|p2a: Gastrodon|atk|1
|move|p2a: Gastrodon|Recover|p2a: Gastrodon
|-heal|p2a: Gastrodon|100/100
|
|-weather|RainDance|[upkeep]
|-heal|p1a: Landorus|100/100 tox|[from] item: Leftovers
|-damage|p1a: Landorus|94/100 tox|[from] psn
|upkeep
|turn|9
|
|t:|1644103242
|move|p1a: Landorus|Stealth Rock|p2a: Gastrodon
|-sidestart|p2: Rozzen|move: Stealth Rock
|move|p2a: Gastrodon|Ice Beam|p1a: Landorus
|-supereffective|p1a: Landorus
|-damage|p1a: Landorus|5/100 tox
|
|-weather|RainDance|[upkeep]
|-heal|p1a: Landorus|11/100 tox|[from] item: Leftovers
|-damage|p1a: Landorus|0 fnt|[from] psn
|faint|p1a: Landorus
|upkeep
|
|t:|1644103246
|switch|p1a: Reuniclus|Reuniclus, F|84/100
|turn|10
|
|t:|1644103255
|move|p2a: Gastrodon|Earth Power|p1a: Reuniclus
|-damage|p1a: Reuniclus|63/100
|move|p1a: Reuniclus|Psychic|p2a: Gastrodon
|-damage|p2a: Gastrodon|72/100
|-unboost|p2a: Gastrodon|spd|1
|
|-weather|RainDance|[upkeep]
|-heal|p2a: Gastrodon|78/100|[from] item: Leftovers
|-heal|p1a: Reuniclus|69/100|[from] item: Leftovers
|upkeep
|turn|11
|
|t:|1644103283
|move|p2a: Gastrodon|Ice Beam|p1a: Reuniclus
|-damage|p1a: Reuniclus|53/100
|-status|p1a: Reuniclus|frz
|cant|p1a: Reuniclus|frz
|
|-weather|RainDance|[upkeep]
|-heal|p2a: Gastrodon|85/100|[from] item: Leftovers
|-heal|p1a: Reuniclus|59/100 frz|[from] item: Leftovers
|upkeep
|turn|12
|
|t:|1644103289
|switch|p2a: Cloyster|Cloyster, F|100/100
|-damage|p2a: Cloyster|76/100|[from] Stealth Rock
|cant|p1a: Reuniclus|frz
|
|-weather|RainDance|[upkeep]
|-heal|p1a: Reuniclus|66/100 frz|[from] item: Leftovers
|upkeep
|turn|13
|
|t:|1644103295
|move|p2a: Cloyster|Shell Smash|p2a: Cloyster
|-unboost|p2a: Cloyster|def|1
|-unboost|p2a: Cloyster|spd|1
|-boost|p2a: Cloyster|atk|2
|-boost|p2a: Cloyster|spa|2
|-boost|p2a: Cloyster|spe|2
|-curestatus|p1a: Reuniclus|frz|[msg]
|move|p1a: Reuniclus|Psychic|p2a: Cloyster
|-damage|p2a: Cloyster|0 fnt
|faint|p2a: Cloyster
|
|-weather|RainDance|[upkeep]
|-heal|p1a: Reuniclus|72/100|[from] item: Leftovers
|upkeep
|
|t:|1644103302
|switch|p2a: Politoed|Politoed, F|76/100
|-damage|p2a: Politoed|64/100|[from] Stealth Rock
|turn|14
|
|t:|1644103308
|move|p2a: Politoed|Encore|p1a: Reuniclus
|-start|p1a: Reuniclus|Encore
|move|p1a: Reuniclus|Psychic|p2a: Politoed
|-crit|p2a: Politoed
|-damage|p2a: Politoed|0 fnt
|faint|p2a: Politoed
|
|-weather|RainDance|[upkeep]
|-heal|p1a: Reuniclus|78/100|[from] item: Leftovers
|upkeep
|
|t:|1644103315
|switch|p2a: Gastrodon|Gastrodon, F|85/100
|-damage|p2a: Gastrodon|78/100|[from] Stealth Rock
|turn|15
|
|t:|1644103318
|move|p2a: Gastrodon|Earth Power|p1a: Reuniclus
|-damage|p1a: Reuniclus|57/100
|move|p1a: Reuniclus|Psychic|p2a: Gastrodon
|-damage|p2a: Gastrodon|52/100
|
|-weather|RainDance|[upkeep]
|-heal|p2a: Gastrodon|58/100|[from] item: Leftovers
|-heal|p1a: Reuniclus|63/100|[from] item: Leftovers
|upkeep
|turn|16
|
|t:|1644103325
|move|p2a: Gastrodon|Earth Power|p1a: Reuniclus
|-damage|p1a: Reuniclus|44/100
|move|p1a: Reuniclus|Psychic|p2a: Gastrodon
|-damage|p2a: Gastrodon|33/100
|
|-weather|RainDance|[upkeep]
|-heal|p2a: Gastrodon|39/100|[from] item: Leftovers
|-heal|p1a: Reuniclus|50/100|[from] item: Leftovers
|-end|p1a: Reuniclus|Encore
|upkeep
|turn|17
|
|t:|1644103335
|move|p2a: Gastrodon|Recover|p2a: Gastrodon
|-heal|p2a: Gastrodon|89/100
|move|p1a: Reuniclus|Psychic|p2a: Gastrodon
|-damage|p2a: Gastrodon|62/100
|
|-weather|RainDance|[upkeep]
|-heal|p2a: Gastrodon|68/100|[from] item: Leftovers
|-heal|p1a: Reuniclus|56/100|[from] item: Leftovers
|upkeep
|turn|18
|
|t:|1644103342
|switch|p1a: Latios|Latios, M|100/100
|move|p2a: Gastrodon|Earth Power|p1a: Latios
|-immune|p1a: Latios|[from] ability: Levitate
|
|-weather|RainDance|[upkeep]
|-heal|p2a: Gastrodon|74/100|[from] item: Leftovers
|upkeep
|turn|19
|
|t:|1644103348
|move|p1a: Latios|Trick|p2a: Gastrodon
|-activate|p1a: Latios|move: Trick|[of] p2a: Gastrodon
|-item|p2a: Gastrodon|Choice Scarf|[from] move: Trick
|-item|p1a: Latios|Leftovers|[from] move: Trick
|move|p2a: Gastrodon|Toxic|p1a: Latios
|-status|p1a: Latios|tox
|
|-weather|RainDance|[upkeep]
|-damage|p1a: Latios|94/100 tox|[from] psn
|upkeep
|turn|20
|
|t:|1644103363
|switch|p1a: Rotom|Rotom-Wash|100/100
|move|p2a: Gastrodon|Toxic|p1a: Rotom
|-status|p1a: Rotom|tox
|
|-weather|RainDance|[upkeep]
|-damage|p1a: Rotom|95/100 tox|[from] psn
|upkeep
|turn|21
|
|t:|1644103372
|move|p1a: Rotom|Will-O-Wisp|p2a: Gastrodon
|-status|p2a: Gastrodon|brn
|move|p2a: Gastrodon|Toxic|p1a: Rotom
|-fail|p1a: Rotom|tox
|
|-weather|RainDance|[upkeep]
|-heal|p1a: Rotom|100/100 tox|[from] item: Leftovers
|-damage|p1a: Rotom|89/100 tox|[from] psn
|-damage|p2a: Gastrodon|62/100 brn|[from] brn
|upkeep
|turn|22
|
|t:|1644103376
|switch|p1a: Reuniclus|Reuniclus, F|56/100
|switch|p2a: Tentacruel|Tentacruel, F|35/100 par
|-damage|p2a: Tentacruel|23/100 par|[from] Stealth Rock
|
|-weather|RainDance|[upkeep]
|-heal|p1a: Reuniclus|62/100|[from] item: Leftovers
|-heal|p2a: Tentacruel|29/100 par|[from] item: Black Sludge
|upkeep
|turn|23
|
|t:|1644103380
|move|p1a: Reuniclus|Psychic|p2a: Tentacruel
|-supereffective|p2a: Tentacruel
|-damage|p2a: Tentacruel|0 fnt
|faint|p2a: Tentacruel
|
|-weather|RainDance|[upkeep]
|-heal|p1a: Reuniclus|68/100|[from] item: Leftovers
|upkeep
|
|t:|1644103391
|switch|p2a: Gyarados|Gyarados, M|100/100
|-damage|p2a: Gyarados|76/100|[from] Stealth Rock
|turn|24
|
|t:|1644103396
|move|p2a: Gyarados|Dragon Dance|p2a: Gyarados
|-boost|p2a: Gyarados|atk|1
|-boost|p2a: Gyarados|spe|1
|move|p1a: Reuniclus|Thunder Wave|p2a: Gyarados
|-status|p2a: Gyarados|par
|
|-weather|RainDance|[upkeep]
|-heal|p2a: Gyarados|82/100 par|[from] item: Leftovers
|-heal|p1a: Reuniclus|74/100|[from] item: Leftovers
|upkeep
|turn|25
|
|t:|1644103401
|move|p2a: Gyarados|Dragon Dance|p2a: Gyarados
|-boost|p2a: Gyarados|atk|1
|-boost|p2a: Gyarados|spe|1
|move|p1a: Reuniclus|Psychic|p2a: Gyarados
|-damage|p2a: Gyarados|40/100 par
|
|-weather|RainDance|[upkeep]
|-heal|p2a: Gyarados|46/100 par|[from] item: Leftovers
|-heal|p1a: Reuniclus|80/100|[from] item: Leftovers
|upkeep
|turn|26
|
|t:|1644103408
|cant|p2a: Gyarados|par
|move|p1a: Reuniclus|Psychic|p2a: Gyarados
|-damage|p2a: Gyarados|10/100 par
|-unboost|p2a: Gyarados|spd|1
|
|-weather|RainDance|[upkeep]
|-heal|p2a: Gyarados|16/100 par|[from] item: Leftovers
|-heal|p1a: Reuniclus|87/100|[from] item: Leftovers
|upkeep
|turn|27
|
|t:|1644103413
|move|p2a: Gyarados|Waterfall|p1a: Reuniclus
|-damage|p1a: Reuniclus|0 fnt
|faint|p1a: Reuniclus
|-ability|p2a: Gyarados|Moxie|boost
|-boost|p2a: Gyarados|atk|1
|
|-weather|RainDance|[upkeep]
|-heal|p2a: Gyarados|22/100 par|[from] item: Leftovers
|upkeep
|
|t:|1644103424
|switch|p1a: Rotom|Rotom-Wash|89/100 tox
|turn|28
|
|t:|1644103429
|move|p1a: Rotom|Volt Switch|p2a: Gyarados
|-supereffective|p2a: Gyarados
|-damage|p2a: Gyarados|0 fnt
|faint|p2a: Gyarados
|
|t:|1644103435
|switch|p1a: Tyranitar|Tyranitar, F|100/100|[from]move: Volt Switch
|-weather|Sandstorm|[from] ability: Sand Stream|[of] p1a: Tyranitar
|
|-weather|Sandstorm|[upkeep]
|upkeep
|
|t:|1644103438
|switch|p2a: Keldeo|Keldeo-Resolute|100/100
|-damage|p2a: Keldeo|94/100|[from] Stealth Rock
|turn|29
|
|t:|1644103447
|move|p2a: Keldeo|Substitute|p2a: Keldeo
|-start|p2a: Keldeo|Substitute
|-damage|p2a: Keldeo|70/100
|move|p1a: Tyranitar|Earthquake|p2a: Keldeo
|-end|p2a: Keldeo|Substitute
|
|-weather|Sandstorm|[upkeep]
|-damage|p2a: Keldeo|63/100|[from] Sandstorm
|-heal|p2a: Keldeo|70/100|[from] item: Leftovers
|upkeep
|turn|30
|
|t:|1644103455
|move|p2a: Keldeo|Secret Sword|p1a: Tyranitar
|-supereffective|p1a: Tyranitar
|-damage|p1a: Tyranitar|0 fnt
|faint|p1a: Tyranitar
|
|-weather|Sandstorm|[upkeep]
|-damage|p2a: Keldeo|63/100|[from] Sandstorm
|-heal|p2a: Keldeo|70/100|[from] item: Leftovers
|upkeep
|
|t:|1644103462
|switch|p1a: Latios|Latios, M|94/100 tox
|turn|31
|
|t:|1644103467
|switch|p2a: Gastrodon|Gastrodon, F|62/100 brn
|-damage|p2a: Gastrodon|56/100 brn|[from] Stealth Rock
|move|p1a: Latios|Dragon Pulse|p2a: Gastrodon
|-crit|p2a: Gastrodon
|-damage|p2a: Gastrodon|0 fnt
|faint|p2a: Gastrodon
|
|-weather|Sandstorm|[upkeep]
|-damage|p1a: Latios|88/100 tox|[from] Sandstorm
|-heal|p1a: Latios|94/100 tox|[from] item: Leftovers
|-damage|p1a: Latios|88/100 tox|[from] psn
|upkeep
|
|t:|1644103469
|switch|p2a: Keldeo|Keldeo-Resolute|70/100
|-damage|p2a: Keldeo|63/100|[from] Stealth Rock
|turn|32
|
|t:|1644103473
|move|p1a: Latios|Draco Meteor|p2a: Keldeo|[miss]
|-miss|p1a: Latios|p2a: Keldeo
|move|p2a: Keldeo|Surf|p1a: Latios
|-resisted|p1a: Latios
|-damage|p1a: Latios|65/100 tox
|
|-weather|Sandstorm|[upkeep]
|-damage|p1a: Latios|58/100 tox|[from] Sandstorm
|-damage|p2a: Keldeo|57/100|[from] Sandstorm
|-heal|p1a: Latios|65/100 tox|[from] item: Leftovers
|-heal|p2a: Keldeo|63/100|[from] item: Leftovers
|-damage|p1a: Latios|52/100 tox|[from] psn
|upkeep
|turn|33
|
|t:|1644103479
|move|p1a: Latios|Draco Meteor|p2a: Keldeo
|-damage|p2a: Keldeo|0 fnt
|-unboost|p1a: Latios|spa|2
|faint|p2a: Keldeo
|
|win|melgaalan
|c|☆melgaalan|gg
