|j|☆Raymario Pokenic
|j|☆tdog124
|t:|1631658780
|gametype|singles
|player|p1|Raymario Pokenic|rosa|
|player|p2|tdog124|swimmer-gen4dp|
|teamsize|p1|6
|teamsize|p2|6
|gen|5
|tier|[Gen 5] UU
|rule|Species Clause: Limit one of each Pokémon
|rule|OHKO Clause: OHKO moves are banned
|rule|Moody Clause: Moody is banned
|rule|Evasion Moves Clause: Evasion moves are banned
|rule|Endless Battle Clause: Forcing endless battles is banned
|rule|HP Percentage Mod: HP is shown in percentages
|rule|Evasion Abilities Clause: Evasion abilities are banned
|rule|Baton Pass Clause: Limit one Baton Passer, can't pass Spe and other stats simultaneously
|rule|Swagger Clause: Swagger is banned
|rule|Sleep Clause Mod: Limit one foe put to sleep
|clearpoke
|poke|p1|Mew|item
|poke|p1|Rhyperior, M|item
|poke|p1|Qwilfish, F|item
|poke|p1|Virizion|item
|poke|p1|Togekiss, M|item
|poke|p1|Umbreon, M|item
|poke|p2|Mew|item
|poke|p2|Darmanitan, F|item
|poke|p2|Lanturn, F|item
|poke|p2|Xatu, M|item
|poke|p2|Mienshao, M|item
|poke|p2|Gligar, F|item
|teampreview
|c|☆Raymario Pokenic|there we go
|
|t:|1631658791
|start
|switch|p1a: Qwilfish|Qwilfish, F, shiny|100/100
|switch|p2a: Lanturn|Lanturn, F|100/100
|-ability|p1a: Qwilfish|Intimidate|boost
|-unboost|p2a: Lanturn|atk|1
|turn|1
|c|☆tdog124|gl
|
|t:|1631658799
|move|p1a: Qwilfish|Spikes|p2a: Lanturn
|-sidestart|p2: tdog124|Spikes
|move|p2a: Lanturn|Volt Switch|p1a: Qwilfish
|-supereffective|p1a: Qwilfish
|-damage|p1a: Qwilfish|41/100
|
|t:|1631658809
|switch|p2a: Mienshao|Mienshao, M|100/100|[from]move: Volt Switch
|-damage|p2a: Mienshao|88/100|[from] Spikes
|
|-heal|p1a: Qwilfish|47/100|[from] item: Black Sludge
|upkeep
|turn|2
|
|t:|1631658820
|switch|p1a: Rhyperior|Rhyperior, M, shiny|100/100
|move|p2a: Mienshao|Fake Out|p1a: Rhyperior
|-resisted|p1a: Rhyperior
|-damage|p1a: Rhyperior|95/100
|-damage|p2a: Mienshao|78/100|[from] item: Life Orb
|
|-heal|p1a: Rhyperior|100/100|[from] item: Leftovers
|upkeep
|turn|3
|
|t:|1631658831
|switch|p1a: Mew|Mew, shiny|100/100
|move|p2a: Mienshao|U-turn|p1a: Mew
|-supereffective|p1a: Mew
|-damage|p1a: Mew|49/100
|-damage|p2a: Mienshao|68/100|[from] item: Life Orb
|
|t:|1631658836
|switch|p2a: Mew|Mew|100/100|[from]move: U-turn
|-damage|p2a: Mew|88/100|[from] Spikes
|
|-heal|p1a: Mew|55/100|[from] item: Leftovers
|upkeep
|turn|4
|
|t:|1631658845
|move|p2a: Mew|U-turn|p1a: Mew
|-supereffective|p1a: Mew
|-damage|p1a: Mew|30/100
|
|t:|1631658852
|switch|p2a: Gligar|Gligar, F|100/100|[from]move: U-turn
|move|p1a: Mew|Taunt|p2a: Gligar
|-start|p2a: Gligar|move: Taunt
|
|-heal|p1a: Mew|36/100|[from] item: Leftovers
|upkeep
|turn|5
|
|t:|1631658861
|move|p1a: Mew|Soft-Boiled|p1a: Mew
|-heal|p1a: Mew|86/100
|move|p2a: Gligar|U-turn|p1a: Mew
|-supereffective|p1a: Mew
|-damage|p1a: Mew|64/100
|
|t:|1631658865
|switch|p2a: Darmanitan|Darmanitan, F|100/100|[from]move: U-turn
|-damage|p2a: Darmanitan|88/100|[from] Spikes
|
|-heal|p1a: Mew|70/100|[from] item: Leftovers
|upkeep
|turn|6
|
|t:|1631658876
|move|p2a: Darmanitan|Flare Blitz|p1a: Mew
|-damage|p1a: Mew|2/100
|-damage|p2a: Darmanitan|62/100|[from] Recoil
|move|p1a: Mew|Soft-Boiled|p1a: Mew
|-heal|p1a: Mew|52/100
|
|-heal|p1a: Mew|59/100|[from] item: Leftovers
|upkeep
|turn|7
|c|☆tdog124|a mon with rocky hekmet would really helpur team
|
|t:|1631658890
|switch|p1a: Rhyperior|Rhyperior, M, shiny|100/100
|move|p2a: Darmanitan|Flare Blitz|p1a: Rhyperior
|-resisted|p1a: Rhyperior
|-damage|p1a: Rhyperior|76/100
|-damage|p2a: Darmanitan|52/100|[from] Recoil
|
|-heal|p1a: Rhyperior|82/100|[from] item: Leftovers
|upkeep
|turn|8
|c|☆tdog124|against u turn spam like this
|
|t:|1631658907
|switch|p2a: Gligar|Gligar, F|100/100
|move|p1a: Rhyperior|Stealth Rock|p2a: Gligar
|-sidestart|p2: tdog124|move: Stealth Rock
|
|-heal|p1a: Rhyperior|88/100|[from] item: Leftovers
|upkeep
|turn|9
|c|☆Raymario Pokenic|stealth rock too
|
|t:|1631658923
|move|p2a: Gligar|Stealth Rock|p1a: Rhyperior
|-sidestart|p1: Raymario Pokenic|move: Stealth Rock
|move|p1a: Rhyperior|Earthquake|p2a: Gligar
|-immune|p2a: Gligar
|
|-heal|p1a: Rhyperior|94/100|[from] item: Leftovers
|upkeep
|turn|10
|c|☆Raymario Pokenic|thought you'd switch
|c|☆Raymario Pokenic|*uturn
|c|☆tdog124|put helkmet on fish maybe
|
|t:|1631658957
|move|p2a: Gligar|Earthquake|p1a: Rhyperior
|-supereffective|p1a: Rhyperior
|-damage|p1a: Rhyperior|71/100
|move|p1a: Rhyperior|Dragon Tail|p2a: Gligar
|-damage|p2a: Gligar|90/100
|drag|p2a: Darmanitan|Darmanitan, F|52/100
|-damage|p2a: Darmanitan|27/100|[from] Stealth Rock
|-damage|p2a: Darmanitan|15/100|[from] Spikes
|
|-heal|p1a: Rhyperior|77/100|[from] item: Leftovers
|upkeep
|turn|11
|
|t:|1631658971
|move|p2a: Darmanitan|Superpower|p1a: Rhyperior
|-supereffective|p1a: Rhyperior
|-damage|p1a: Rhyperior|37/100
|-unboost|p2a: Darmanitan|atk|1
|-unboost|p2a: Darmanitan|def|1
|move|p1a: Rhyperior|Rock Blast|p2a: Darmanitan
|-supereffective|p2a: Darmanitan
|-crit|p2a: Darmanitan
|-damage|p2a: Darmanitan|0 fnt
|faint|p2a: Darmanitan
|-hitcount|p2: Darmanitan|1
|
|-heal|p1a: Rhyperior|43/100|[from] item: Leftovers
|upkeep
|
|t:|1631658978
|switch|p2a: Mienshao|Mienshao, M|100/100
|-damage|p2a: Mienshao|94/100|[from] Stealth Rock
|-damage|p2a: Mienshao|82/100|[from] Spikes
|turn|12
|
|t:|1631658991
|switch|p1a: Umbreon|Umbreon, M, shiny|100/100
|-damage|p1a: Umbreon|88/100|[from] Stealth Rock
|move|p2a: Mienshao|Fake Out|p1a: Umbreon
|-damage|p1a: Umbreon|74/100
|-damage|p2a: Mienshao|72/100|[from] item: Life Orb
|
|-heal|p1a: Umbreon|80/100|[from] item: Leftovers
|upkeep
|turn|13
|
|t:|1631659002
|move|p2a: Mienshao|High Jump Kick|p1a: Umbreon
|-supereffective|p1a: Umbreon
|-damage|p1a: Umbreon|0 fnt
|faint|p1a: Umbreon
|-damage|p2a: Mienshao|62/100|[from] item: Life Orb
|
|upkeep
|
|t:|1631659012
|switch|p1a: Togekiss|Togekiss, M, shiny|100/100
|-damage|p1a: Togekiss|76/100|[from] Stealth Rock
|turn|14
|
|t:|1631659022
|move|p2a: Mienshao|U-turn|p1a: Togekiss
|-resisted|p1a: Togekiss
|-damage|p1a: Togekiss|64/100
|-damage|p2a: Mienshao|52/100|[from] item: Life Orb
|
|t:|1631659028
|switch|p2a: Gligar|Gligar, F|90/100|[from]move: U-turn
|-damage|p2a: Gligar|78/100|[from] Stealth Rock
|move|p1a: Togekiss|Air Slash|p2a: Gligar
|-damage|p2a: Gligar|49/100
|
|-heal|p1a: Togekiss|70/100|[from] item: Leftovers
|upkeep
|turn|15
|
|t:|1631659037
|move|p1a: Togekiss|Roost|p1a: Togekiss
|-heal|p1a: Togekiss|100/100
|-singleturn|p1a: Togekiss|move: Roost
|move|p2a: Gligar|Roost|p2a: Gligar
|-heal|p2a: Gligar|99/100
|-singleturn|p2a: Gligar|move: Roost
|
|upkeep
|turn|16
|
|t:|1631659044
|move|p1a: Togekiss|Air Slash|p2a: Gligar
|-damage|p2a: Gligar|72/100
|move|p2a: Gligar|U-turn|p1a: Togekiss
|-resisted|p1a: Togekiss
|-damage|p1a: Togekiss|96/100
|
|t:|1631659049
|switch|p2a: Mienshao|Mienshao, M|85/100|[from]move: U-turn
|-damage|p2a: Mienshao|79/100|[from] Stealth Rock
|-damage|p2a: Mienshao|66/100|[from] Spikes
|
|-heal|p1a: Togekiss|100/100|[from] item: Leftovers
|upkeep
|turn|17
|
|t:|1631659055
|move|p2a: Mienshao|Fake Out|p1a: Togekiss
|-damage|p1a: Togekiss|87/100
|-damage|p2a: Mienshao|56/100|[from] item: Life Orb
|cant|p1a: Togekiss|flinch
|
|-heal|p1a: Togekiss|93/100|[from] item: Leftovers
|upkeep
|turn|18
|
|t:|1631659062
|move|p2a: Mienshao|Stone Edge|p1a: Togekiss
|-supereffective|p1a: Togekiss
|-damage|p1a: Togekiss|33/100
|-damage|p2a: Mienshao|46/100|[from] item: Life Orb
|move|p1a: Togekiss|Nasty Plot|p1a: Togekiss
|-boost|p1a: Togekiss|spa|2
|
|-heal|p1a: Togekiss|39/100|[from] item: Leftovers
|upkeep
|turn|19
|c|☆tdog124|tf
|
|t:|1631659075
|switch|p1a: Rhyperior|Rhyperior, M, shiny|43/100
|-damage|p1a: Rhyperior|37/100|[from] Stealth Rock
|move|p2a: Mienshao|Stone Edge|p1a: Rhyperior|[miss]
|-miss|p2a: Mienshao|p1a: Rhyperior
|
|-heal|p1a: Rhyperior|43/100|[from] item: Leftovers
|upkeep
|turn|20
|
|t:|1631659085
|move|p2a: Mienshao|U-turn|p1a: Rhyperior
|-damage|p1a: Rhyperior|23/100
|-damage|p2a: Mienshao|37/100|[from] item: Life Orb
|
|t:|1631659089
|switch|p2a: Gligar|Gligar, F|72/100|[from]move: U-turn
|-damage|p2a: Gligar|59/100|[from] Stealth Rock
|move|p1a: Rhyperior|Earthquake|p2a: Gligar
|-immune|p2a: Gligar
|
|-heal|p1a: Rhyperior|30/100|[from] item: Leftovers
|upkeep
|turn|21
|
|t:|1631659099
|move|p2a: Gligar|Roost|p2a: Gligar
|-heal|p2a: Gligar|100/100
|-singleturn|p2a: Gligar|move: Roost
|move|p1a: Rhyperior|Dragon Tail|p2a: Gligar
|-crit|p2a: Gligar
|-damage|p2a: Gligar|80/100
|drag|p2a: Mew|Mew|88/100
|-damage|p2a: Mew|76/100|[from] Spikes
|-damage|p2a: Mew|64/100|[from] Stealth Rock
|
|-heal|p1a: Rhyperior|36/100|[from] item: Leftovers
|upkeep
|turn|22
|
|t:|1631659111
|move|p2a: Mew|Giga Drain|p1a: Rhyperior
|-supereffective|p1a: Rhyperior
|-damage|p1a: Rhyperior|0 fnt
|-heal|p2a: Mew|86/100|[from] drain|[of] p1a: Rhyperior
|faint|p1a: Rhyperior
|
|upkeep
|
|t:|1631659120
|switch|p1a: Virizion|Virizion|100/100
|-damage|p1a: Virizion|94/100|[from] Stealth Rock
|turn|23
|
|t:|1631659127
|switch|p2a: Xatu|Xatu, M|100/100
|-damage|p2a: Xatu|76/100|[from] Stealth Rock
|move|p1a: Virizion|Swords Dance|p1a: Virizion
|-boost|p1a: Virizion|atk|2
|
|upkeep
|turn|24
|
|t:|1631659135
|move|p1a: Virizion|Stone Edge|p2a: Xatu
|-supereffective|p2a: Xatu
|-damage|p2a: Xatu|0 fnt
|faint|p2a: Xatu
|-damage|p1a: Virizion|84/100|[from] item: Life Orb
|
|upkeep
|
|t:|1631659139
|switch|p2a: Mew|Mew|86/100
|-damage|p2a: Mew|74/100|[from] Spikes
|-damage|p2a: Mew|62/100|[from] Stealth Rock
|turn|25
|
|t:|1631659149
|move|p2a: Mew|U-turn|p1a: Virizion
|-damage|p1a: Virizion|65/100
|
|t:|1631659151
|switch|p2a: Gligar|Gligar, F|80/100|[from]move: U-turn
|-damage|p2a: Gligar|67/100|[from] Stealth Rock
|move|p1a: Virizion|Leaf Blade|p2a: Gligar
|-damage|p2a: Gligar|23/100
|-damage|p1a: Virizion|55/100|[from] item: Life Orb
|
|upkeep
|turn|26
|
|t:|1631659160
|move|p1a: Virizion|Leaf Blade|p2a: Gligar
|-damage|p2a: Gligar|0 fnt
|faint|p2a: Gligar
|-damage|p1a: Virizion|45/100|[from] item: Life Orb
|
|upkeep
|
|t:|1631659164
|switch|p2a: Mienshao|Mienshao, M|70/100
|-damage|p2a: Mienshao|57/100|[from] Spikes
|-damage|p2a: Mienshao|51/100|[from] Stealth Rock
|turn|27
|
|t:|1631659170
|move|p2a: Mienshao|Fake Out|p1a: Virizion
|-damage|p1a: Virizion|20/100
|-damage|p2a: Mienshao|41/100|[from] item: Life Orb
|cant|p1a: Virizion|flinch
|
|upkeep
|turn|28
|
|t:|1631659184
|move|p1a: Virizion|Close Combat|p2a: Mienshao
|-crit|p2a: Mienshao
|-damage|p2a: Mienshao|0 fnt
|-unboost|p1a: Virizion|def|1
|-unboost|p1a: Virizion|spd|1
|faint|p2a: Mienshao
|-damage|p1a: Virizion|10/100|[from] item: Life Orb
|
|upkeep
|
|t:|1631659200
|switch|p2a: Mew|Mew|62/100
|-damage|p2a: Mew|49/100|[from] Stealth Rock
|-damage|p2a: Mew|37/100|[from] Spikes
|turn|29
|
|t:|1631659208
|switch|p1a: Qwilfish|Qwilfish, F, shiny|47/100
|-damage|p1a: Qwilfish|35/100|[from] Stealth Rock
|-ability|p1a: Qwilfish|Intimidate|boost
|-unboost|p2a: Mew|atk|1
|move|p2a: Mew|Psychic|p1a: Qwilfish
|-supereffective|p1a: Qwilfish
|-damage|p1a: Qwilfish|0 fnt
|faint|p1a: Qwilfish
|
|upkeep
|
|t:|1631659217
|switch|p1a: Mew|Mew, shiny|59/100
|-damage|p1a: Mew|46/100|[from] Stealth Rock
|turn|30
|
|t:|1631659223
|switch|p2a: Lanturn|Lanturn, F|100/100
|-damage|p2a: Lanturn|88/100|[from] Stealth Rock
|-damage|p2a: Lanturn|76/100|[from] Spikes
|move|p1a: Mew|Soft-Boiled|p1a: Mew
|-heal|p1a: Mew|96/100
|
|-heal|p1a: Mew|100/100|[from] item: Leftovers
|-heal|p2a: Lanturn|82/100|[from] item: Leftovers
|upkeep
|turn|31
|
|t:|1631659235
|move|p1a: Mew|Will-O-Wisp|p2a: Lanturn
|-status|p2a: Lanturn|brn
|move|p2a: Lanturn|Toxic||[still]
|-status|p1a: Mew|tox
|-activate|p1a: Mew|ability: Synchronize
|-fail|p1a: Mew
|
|-heal|p2a: Lanturn|88/100 brn|[from] item: Leftovers
|-damage|p1a: Mew|94/100 tox|[from] psn
|-damage|p2a: Lanturn|76/100 brn|[from] brn
|upkeep
|turn|32
|c|☆Raymario Pokenic|welp
|
|t:|1631659247
|move|p1a: Mew|Psyshock|p2a: Lanturn
|-damage|p2a: Lanturn|44/100 brn
|move|p2a: Lanturn|Heal Bell|p2a: Lanturn
|-activate|p2a: Lanturn|move: Heal Bell
|-curestatus|p2a: Lanturn|brn|[msg]
|
|-heal|p1a: Mew|100/100 tox|[from] item: Leftovers
|-heal|p2a: Lanturn|50/100|[from] item: Leftovers
|-damage|p1a: Mew|88/100 tox|[from] psn
|upkeep
|turn|33
|
|t:|1631659262
|switch|p1a: Togekiss|Togekiss, M, shiny|39/100
|-damage|p1a: Togekiss|14/100|[from] Stealth Rock
|move|p2a: Lanturn|Scald|p1a: Togekiss
|-damage|p1a: Togekiss|0 fnt
|faint|p1a: Togekiss
|
|-heal|p2a: Lanturn|56/100|[from] item: Leftovers
|upkeep
|
|t:|1631659271
|switch|p1a: Virizion|Virizion|10/100
|-damage|p1a: Virizion|4/100|[from] Stealth Rock
|turn|34
|c|☆tdog124|dyou play bw ubers?
|c|☆Raymario Pokenic|no
|
|t:|1631659278
|move|p1a: Virizion|Leaf Blade|p2a: Lanturn
|-supereffective|p2a: Lanturn
|-damage|p2a: Lanturn|0 fnt
|faint|p2a: Lanturn
|-damage|p1a: Virizion|0 fnt|[from] item: Life Orb
|faint|p1a: Virizion
|
|upkeep
|c|☆tdog124|ok
|
|t:|1631659288
|switch|p1a: Mew|Mew, shiny|88/100 tox
|switch|p2a: Mew|Mew|37/100
|-damage|p2a: Mew|25/100|[from] Spikes
|-damage|p2a: Mew|12/100|[from] Stealth Rock
|-damage|p1a: Mew|76/100 tox|[from] Stealth Rock
|turn|35
|
|t:|1631659296
|move|p2a: Mew|Giga Drain|p1a: Mew
|-damage|p1a: Mew|59/100 tox
|-heal|p2a: Mew|22/100|[from] drain|[of] p1a: Mew
|move|p1a: Mew|Psyshock|p2a: Mew
|-resisted|p2a: Mew
|-damage|p2a: Mew|8/100
|
|-heal|p1a: Mew|65/100 tox|[from] item: Leftovers
|-damage|p1a: Mew|59/100 tox|[from] psn
|upkeep
|turn|36
|c|☆tdog124|gg
|
|t:|1631659305
|move|p2a: Mew|Giga Drain|p1a: Mew
|-damage|p1a: Mew|41/100 tox
|-heal|p2a: Mew|18/100|[from] drain|[of] p1a: Mew
|move|p1a: Mew|Psyshock|p2a: Mew
|-resisted|p2a: Mew
|-damage|p2a: Mew|5/100
|
|-heal|p1a: Mew|47/100 tox|[from] item: Leftovers
|-damage|p1a: Mew|35/100 tox|[from] psn
|upkeep
|turn|37
|c|☆Raymario Pokenic|gg
|
|t:|1631659316
|move|p2a: Mew|Giga Drain|p1a: Mew
|-damage|p1a: Mew|16/100 tox
|-heal|p2a: Mew|16/100|[from] drain|[of] p1a: Mew
|move|p1a: Mew|Soft-Boiled|p1a: Mew
|-heal|p1a: Mew|66/100 tox
|
|-heal|p1a: Mew|72/100 tox|[from] item: Leftovers
|-damage|p1a: Mew|54/100 tox|[from] psn
|upkeep
|turn|38
|
|t:|1631659326
|move|p2a: Mew|Giga Drain|p1a: Mew
|-damage|p1a: Mew|36/100 tox
|-heal|p2a: Mew|27/100|[from] drain|[of] p1a: Mew
|move|p1a: Mew|Soft-Boiled|p1a: Mew
|-heal|p1a: Mew|86/100 tox
|
|-heal|p1a: Mew|93/100 tox|[from] item: Leftovers
|-damage|p1a: Mew|68/100 tox|[from] psn
|upkeep
|turn|39
|
|t:|1631659334
|move|p2a: Mew|Giga Drain|p1a: Mew
|-damage|p1a: Mew|49/100 tox
|-heal|p2a: Mew|37/100|[from] drain|[of] p1a: Mew
|move|p1a: Mew|Will-O-Wisp||[still]
|-status|p2a: Mew|brn
|-activate|p2a: Mew|ability: Synchronize
|-fail|p2a: Mew
|
|-heal|p1a: Mew|56/100 tox|[from] item: Leftovers
|-damage|p1a: Mew|25/100 tox|[from] psn
|-damage|p2a: Mew|25/100 brn|[from] brn
|upkeep
|turn|40
|
|t:|1631659346
|move|p2a: Mew|Giga Drain|p1a: Mew
|-damage|p1a: Mew|8/100 tox
|-heal|p2a: Mew|35/100 brn|[from] drain|[of] p1a: Mew
|move|p1a: Mew|Soft-Boiled|p1a: Mew
|-heal|p1a: Mew|58/100 tox
|
|-heal|p1a: Mew|65/100 tox|[from] item: Leftovers
|-damage|p1a: Mew|27/100 tox|[from] psn
|-damage|p2a: Mew|22/100 brn|[from] brn
|upkeep
|turn|41
|
|t:|1631659356
|move|p2a: Mew|Giga Drain|p1a: Mew
|-damage|p1a: Mew|9/100 tox
|-heal|p2a: Mew|33/100 brn|[from] drain|[of] p1a: Mew
|move|p1a: Mew|Soft-Boiled|p1a: Mew
|-heal|p1a: Mew|59/100 tox
|
|-heal|p1a: Mew|65/100 tox|[from] item: Leftovers
|-damage|p1a: Mew|22/100 tox|[from] psn
|-damage|p2a: Mew|21/100 brn|[from] brn
|upkeep
|turn|42
|
|t:|1631659366
|move|p2a: Mew|Giga Drain|p1a: Mew
|-damage|p1a: Mew|5/100 tox
|-heal|p2a: Mew|31/100 brn|[from] drain|[of] p1a: Mew
|move|p1a: Mew|Soft-Boiled|p1a: Mew
|-heal|p1a: Mew|56/100 tox
|
|-heal|p1a: Mew|62/100 tox|[from] item: Leftovers
|-damage|p1a: Mew|12/100 tox|[from] psn
|-damage|p2a: Mew|18/100 brn|[from] brn
|upkeep
|turn|43
|c|☆tdog124|do i win this?
|c|☆Raymario Pokenic|you're kidding me
|
|t:|1631659382
|move|p2a: Mew|Giga Drain|p1a: Mew
|-damage|p1a: Mew|0 fnt
|-heal|p2a: Mew|25/100 brn|[from] drain|[of] p1a: Mew
|faint|p1a: Mew
|
|win|tdog124
|c|☆tdog124|lmao
|c|☆tdog124|gg
|l|☆Raymario Pokenic
