|j|‽Bianca the Girl
|j|☆STE1N
|t:|1642704793
|gametype|singles
|player|p1|Bianca the Girl|bianca|1000
|player|p2|STE1N|burglar|1054
|teamsize|p1|6
|teamsize|p2|6
|gen|5
|tier|[Gen 5] NU
|rated|
|rule|Species Clause: Limit one of each Pokémon
|rule|OHKO Clause: OHKO moves are banned
|rule|Moody Clause: Moody is banned
|rule|Evasion Moves Clause: Evasion moves are banned
|rule|Endless Battle Clause: Forcing endless battles is banned
|rule|HP Percentage Mod: HP is shown in percentages
|rule|Evasion Abilities Clause: Evasion abilities are banned
|rule|Swagger Clause: Swagger is banned
|rule|Baton Pass Clause: Limit one Baton Passer, can't pass Spe and other stats simultaneously
|rule|Sleep Clause Mod: Limit one foe put to sleep
|clearpoke
|poke|p1|Kadabra, F|item
|poke|p1|Muk, F|item
|poke|p1|Cacturne, M|item
|poke|p1|Probopass, F|item
|poke|p1|Swellow, M|item
|poke|p1|Mantine, F|item
|poke|p2|Zangoose, F|item
|poke|p2|Lapras, M|item
|poke|p2|Rotom-Fan|item
|poke|p2|Bastiodon, F|item
|poke|p2|Garbodor, F|item
|poke|p2|Torkoal, F|item
|teampreview
|inactive|Battle timer is ON: inactive players will automatically lose when time's up. (requested by Bianca the Girl)
|
|t:|1642704808
|start
|switch|p1a: Kadabra|Kadabra, F|100/100
|switch|p2a: Rotom|Rotom-Fan|100/100
|turn|1
|
|t:|1642704815
|move|p1a: Kadabra|Psychic|p2a: Rotom
|-damage|p2a: Rotom|38/100
|move|p2a: Rotom|Light Screen|p2a: Rotom
|-sidestart|p2: STE1N|move: Light Screen
|
|upkeep
|turn|2
|
|t:|1642704824
|switch|p2a: Bastiodon|Bastiodon, F|100/100
|move|p1a: Kadabra|Psychic|p2a: Bastiodon
|-resisted|p2a: Bastiodon
|-damage|p2a: Bastiodon|88/100
|
|-heal|p2a: Bastiodon|95/100|[from] item: Leftovers
|upkeep
|turn|3
|
|t:|1642704829
|switch|p1a: Probopass|Probopass, F|100/100
|move|p2a: Bastiodon|Stealth Rock|p1a: Probopass
|-sidestart|p1: Bianca the Girl|move: Stealth Rock
|
|-heal|p2a: Bastiodon|100/100|[from] item: Leftovers
|upkeep
|turn|4
|
|t:|1642704835
|move|p1a: Probopass|Stealth Rock|p2a: Bastiodon
|-sidestart|p2: STE1N|move: Stealth Rock
|move|p2a: Bastiodon|Taunt|p1a: Probopass
|-start|p1a: Probopass|move: Taunt
|
|upkeep
|turn|5
|
|t:|1642704842
|move|p1a: Probopass|Earth Power|p2a: Bastiodon
|-supereffective|p2a: Bastiodon
|-damage|p2a: Bastiodon|76/100
|move|p2a: Bastiodon|Stone Edge|p1a: Probopass
|-resisted|p1a: Probopass
|-damage|p1a: Probopass|89/100
|
|-heal|p1a: Probopass|96/100|[from] item: Leftovers
|-heal|p2a: Bastiodon|82/100|[from] item: Leftovers
|upkeep
|turn|6
|
|t:|1642704846
|move|p1a: Probopass|Earth Power|p2a: Bastiodon
|-supereffective|p2a: Bastiodon
|-damage|p2a: Bastiodon|59/100
|move|p2a: Bastiodon|Stone Edge|p1a: Probopass
|-resisted|p1a: Probopass
|-damage|p1a: Probopass|83/100
|
|-heal|p1a: Probopass|89/100|[from] item: Leftovers
|-heal|p2a: Bastiodon|65/100|[from] item: Leftovers
|upkeep
|turn|7
|
|t:|1642704848
|move|p1a: Probopass|Earth Power|p2a: Bastiodon
|-supereffective|p2a: Bastiodon
|-damage|p2a: Bastiodon|38/100
|move|p2a: Bastiodon|Stone Edge|p1a: Probopass
|-resisted|p1a: Probopass
|-damage|p1a: Probopass|77/100
|
|-heal|p1a: Probopass|83/100|[from] item: Leftovers
|-heal|p2a: Bastiodon|44/100|[from] item: Leftovers
|-end|p1a: Probopass|move: Taunt
|upkeep
|turn|8
|
|t:|1642704850
|move|p1a: Probopass|Earth Power|p2a: Bastiodon
|-supereffective|p2a: Bastiodon
|-damage|p2a: Bastiodon|17/100
|move|p2a: Bastiodon|Stone Edge|p1a: Probopass
|-resisted|p1a: Probopass
|-damage|p1a: Probopass|72/100
|
|-heal|p1a: Probopass|79/100|[from] item: Leftovers
|-heal|p2a: Bastiodon|23/100|[from] item: Leftovers
|-sideend|p2: STE1N|move: Light Screen
|upkeep
|turn|9
|
|t:|1642704857
|move|p1a: Probopass|Earth Power|p2a: Bastiodon
|-supereffective|p2a: Bastiodon
|-damage|p2a: Bastiodon|0 fnt
|faint|p2a: Bastiodon
|
|-heal|p1a: Probopass|85/100|[from] item: Leftovers
|upkeep
|
|t:|1642704865
|switch|p2a: Rotom|Rotom-Fan|38/100
|-damage|p2a: Rotom|13/100|[from] Stealth Rock
|turn|10
|
|t:|1642704869
|move|p2a: Rotom|Volt Switch|p1a: Probopass
|-damage|p1a: Probopass|68/100
|
|t:|1642704874
|switch|p2a: Torkoal|Torkoal, F|100/100|[from]move: Volt Switch
|-damage|p2a: Torkoal|75/100|[from] Stealth Rock
|move|p1a: Probopass|Thunder Wave|p2a: Torkoal
|-status|p2a: Torkoal|par
|
|-heal|p1a: Probopass|74/100|[from] item: Leftovers
|-heal|p2a: Torkoal|82/100 par|[from] item: Leftovers
|upkeep
|turn|11
|
|t:|1642704879
|move|p1a: Probopass|Earth Power|p2a: Torkoal
|-supereffective|p2a: Torkoal
|-damage|p2a: Torkoal|46/100 par
|move|p2a: Torkoal|Rapid Spin|p1a: Probopass
|-resisted|p1a: Probopass
|-damage|p1a: Probopass|74/100
|-sideend|p2: STE1N|Stealth Rock|[from] move: Rapid Spin|[of] p2a: Torkoal
|
|-heal|p1a: Probopass|80/100|[from] item: Leftovers
|-heal|p2a: Torkoal|52/100 par|[from] item: Leftovers
|upkeep
|turn|12
|
|t:|1642704888
|move|p1a: Probopass|Stealth Rock|p2a: Torkoal
|-sidestart|p2: STE1N|move: Stealth Rock
|move|p2a: Torkoal|Will-O-Wisp|p1a: Probopass
|-status|p1a: Probopass|brn
|
|-heal|p1a: Probopass|86/100 brn|[from] item: Leftovers
|-heal|p2a: Torkoal|58/100 par|[from] item: Leftovers
|-damage|p1a: Probopass|74/100 brn|[from] brn
|upkeep
|turn|13
|
|t:|1642704892
|move|p1a: Probopass|Earth Power|p2a: Torkoal
|-supereffective|p2a: Torkoal
|-damage|p2a: Torkoal|24/100 par
|move|p2a: Torkoal|Rapid Spin|p1a: Probopass
|-resisted|p1a: Probopass
|-crit|p1a: Probopass
|-damage|p1a: Probopass|72/100 brn
|-sideend|p2: STE1N|Stealth Rock|[from] move: Rapid Spin|[of] p2a: Torkoal
|
|-heal|p1a: Probopass|79/100 brn|[from] item: Leftovers
|-heal|p2a: Torkoal|30/100 par|[from] item: Leftovers
|-damage|p1a: Probopass|66/100 brn|[from] brn
|upkeep
|turn|14
|
|t:|1642704898
|switch|p2a: Lapras|Lapras, M|100/100
|move|p1a: Probopass|Stealth Rock|p2a: Lapras
|-sidestart|p2: STE1N|move: Stealth Rock
|
|-heal|p1a: Probopass|72/100 brn|[from] item: Leftovers
|-damage|p1a: Probopass|60/100 brn|[from] brn
|upkeep
|turn|15
|
|t:|1642704903
|move|p2a: Lapras|Dragon Dance|p2a: Lapras
|-boost|p2a: Lapras|atk|1
|-boost|p2a: Lapras|spe|1
|move|p1a: Probopass|Thunder Wave|p2a: Lapras
|-status|p2a: Lapras|par
|
|-heal|p1a: Probopass|66/100 brn|[from] item: Leftovers
|-damage|p1a: Probopass|54/100 brn|[from] brn
|upkeep
|turn|16
|
|t:|1642704910
|switch|p1a: Mantine|Mantine, F|100/100
|-damage|p1a: Mantine|76/100|[from] Stealth Rock
|move|p2a: Lapras|Waterfall|p1a: Mantine
|-heal|p1a: Mantine|100/100|[from] ability: Water Absorb|[of] p2a: Lapras
|
|upkeep
|turn|17
|
|t:|1642704922
|move|p1a: Mantine|Haze|p1a: Mantine
|-clearallboost
|move|p2a: Lapras|Outrage|p1a: Mantine
|-damage|p1a: Mantine|74/100
|
|-heal|p1a: Mantine|80/100|[from] item: Leftovers
|upkeep
|turn|18
|
|t:|1642704931
|switch|p1a: Probopass|Probopass, F|54/100 brn
|-damage|p1a: Probopass|48/100 brn|[from] Stealth Rock
|move|p2a: Lapras|Outrage|p1a: Probopass|[from]lockedmove
|-resisted|p1a: Probopass
|-damage|p1a: Probopass|38/100 brn
|-start|p2a: Lapras|confusion|[fatigue]
|
|-heal|p1a: Probopass|44/100 brn|[from] item: Leftovers
|-damage|p1a: Probopass|31/100 brn|[from] brn
|upkeep
|turn|19
|
|t:|1642704936
|move|p1a: Probopass|Flash Cannon|p2a: Lapras
|-damage|p2a: Lapras|83/100 par
|-activate|p2a: Lapras|confusion
|-damage|p2a: Lapras|75/100 par|[from] confusion
|
|-heal|p1a: Probopass|38/100 brn|[from] item: Leftovers
|-heal|p2a: Lapras|81/100 par|[from] item: Leftovers
|-damage|p1a: Probopass|25/100 brn|[from] brn
|upkeep
|turn|20
|
|t:|1642704939
|move|p1a: Probopass|Flash Cannon|p2a: Lapras
|-crit|p2a: Lapras
|-damage|p2a: Lapras|49/100 par
|-activate|p2a: Lapras|confusion
|-damage|p2a: Lapras|40/100 par|[from] confusion
|
|-heal|p1a: Probopass|31/100 brn|[from] item: Leftovers
|-heal|p2a: Lapras|46/100 par|[from] item: Leftovers
|-damage|p1a: Probopass|19/100 brn|[from] brn
|upkeep
|turn|21
|
|t:|1642704944
|switch|p2a: Garbodor|Garbodor, F|100/100
|-damage|p2a: Garbodor|88/100|[from] Stealth Rock
|move|p1a: Probopass|Flash Cannon|p2a: Garbodor
|-damage|p2a: Garbodor|67/100
|
|-heal|p2a: Garbodor|73/100|[from] item: Black Sludge
|-heal|p1a: Probopass|25/100 brn|[from] item: Leftovers
|-damage|p1a: Probopass|13/100 brn|[from] brn
|upkeep
|turn|22
|
|t:|1642704956
|move|p2a: Garbodor|Dark Pulse|p1a: Probopass
|-resisted|p1a: Probopass
|-damage|p1a: Probopass|10/100 brn
|move|p1a: Probopass|Thunder Wave|p2a: Garbodor
|-status|p2a: Garbodor|par
|
|-heal|p1a: Probopass|16/100 brn|[from] item: Leftovers
|-heal|p2a: Garbodor|79/100 par|[from] item: Black Sludge
|-damage|p1a: Probopass|4/100 brn|[from] brn
|upkeep
|turn|23
|
|t:|1642704960
|move|p1a: Probopass|Earth Power|p2a: Garbodor
|-supereffective|p2a: Garbodor
|-damage|p2a: Garbodor|46/100 par
|move|p2a: Garbodor|Spikes|p1a: Probopass
|-sidestart|p1: Bianca the Girl|Spikes
|
|-heal|p1a: Probopass|10/100 brn|[from] item: Leftovers
|-heal|p2a: Garbodor|52/100 par|[from] item: Black Sludge
|-damage|p1a: Probopass|0 fnt|[from] brn
|faint|p1a: Probopass
|upkeep
|
|t:|1642704962
|switch|p1a: Kadabra|Kadabra, F|100/100
|turn|24
|
|t:|1642704973
|switch|p2a: Rotom|Rotom-Fan|13/100
|-damage|p2a: Rotom|0 fnt|[from] Stealth Rock
|faint|p2a: Rotom
|move|p1a: Kadabra|Psychic|p2: Rotom|[notarget]
|-fail|p1a: Kadabra
|
|upkeep
|
|t:|1642704977
|switch|p2a: Zangoose|Zangoose, F|100/100
|-damage|p2a: Zangoose|88/100|[from] Stealth Rock
|turn|25
|
|t:|1642704986
|move|p1a: Kadabra|Psychic|p2a: Zangoose
|-damage|p2a: Zangoose|0 fnt
|faint|p2a: Zangoose
|
|upkeep
|-message|STE1N forfeited.
|
|win|Bianca the Girl
|raw|Bianca the Girl's rating: 1000 &rarr; <strong>1046</strong><br />(+46 for winning)
|raw|STE1N's rating: 1054 &rarr; <strong>1033</strong><br />(-21 for losing)
|l|☆STE1N
