|j|☆surfacing
|j|☆Kiwiiss
|inactive|Battle timer is ON: inactive players will automatically lose when time's up.
|t:|1638598564
|gametype|singles
|player|p1|surfacing|sabrina-gen3|
|player|p2|Kiwiiss|morty-gen2|
|teamsize|p1|6
|teamsize|p2|6
|gen|5
|tier|[Gen 5] NU
|rated|Tournament battle
|rule|Species Clause: Limit one of each Pokémon
|rule|OHKO Clause: OHKO moves are banned
|rule|Moody Clause: Moody is banned
|rule|Evasion Moves Clause: Evasion moves are banned
|rule|Endless Battle Clause: Forcing endless battles is banned
|rule|HP Percentage Mod: HP is shown in percentages
|rule|Evasion Abilities Clause: Evasion abilities are banned
|rule|Swagger Clause: Swagger is banned
|rule|Baton Pass Clause: Limit one Baton Passer, can't pass Spe and other stats simultaneously
|rule|Sleep Clause Mod: Limit one foe put to sleep
|clearpoke
|poke|p1|Sawk, M|item
|poke|p1|Golurk|item
|poke|p1|Alomomola, M|item
|poke|p1|Kangaskhan, F|item
|poke|p1|Skuntank, F|item
|poke|p1|Rotom-Frost|item
|poke|p2|Alomomola, M|item
|poke|p2|Carracosta, F|item
|poke|p2|Haunter, M|item
|poke|p2|Braviary, M|item
|poke|p2|Zigzagoon, M|item
|poke|p2|Ludicolo, F|item
|teampreview
|j| BB-8-NU
|j|#Waves
|inactive|Kiwiiss has 120 seconds left.
|
|t:|1638598621
|start
|switch|p1a: Rotom|Rotom-Frost|100/100
|switch|p2a: Braviary|Braviary, M|100/100
|turn|1
|
|t:|1638598635
|move|p1a: Rotom|Thunderbolt|p2a: Braviary
|-supereffective|p2a: Braviary
|-damage|p2a: Braviary|0 fnt
|faint|p2a: Braviary
|
|upkeep
|
|t:|1638598644
|switch|p2a: Haunter|Haunter, M|100/100
|turn|2
|j| blackkaiser
|
|t:|1638598648
|switch|p1a: Skuntank|Skuntank, F|100/100
|move|p2a: Haunter|Hypnosis|p1a: Skuntank
|-status|p1a: Skuntank|slp|[from] move: Hypnosis
|-enditem|p1a: Skuntank|Lum Berry|[eat]
|-curestatus|p1a: Skuntank|slp|[msg]
|
|upkeep
|turn|3
|j| rubycandy
|
|t:|1638598665
|move|p2a: Haunter|Hypnosis|p1a: Skuntank
|-status|p1a: Skuntank|slp|[from] move: Hypnosis
|cant|p1a: Skuntank|slp
|
|upkeep
|turn|4
|
|t:|1638598671
|move|p2a: Haunter|Shadow Ball|p1a: Skuntank
|-resisted|p1a: Skuntank
|-damage|p1a: Skuntank|77/100 slp
|cant|p1a: Skuntank|slp
|
|upkeep
|turn|5
|
|t:|1638598676
|switch|p2a: Carracosta|Carracosta, F|100/100
|cant|p1a: Skuntank|slp
|
|upkeep
|turn|6
|
|t:|1638598682
|-curestatus|p1a: Skuntank|slp|[msg]
|move|p1a: Skuntank|Taunt|p2a: Carracosta
|-start|p2a: Carracosta|move: Taunt
|cant|p2a: Carracosta|move: Taunt|Shell Smash
|
|upkeep
|turn|7
|
|t:|1638598689
|switch|p1a: Sawk|Sawk, M|100/100
|-ability|p1a: Sawk|Mold Breaker
|move|p2a: Carracosta|Stone Edge|p1a: Sawk
|-resisted|p1a: Sawk
|-damage|p1a: Sawk|64/100
|
|upkeep
|turn|8
|
|t:|1638598697
|switch|p2a: Haunter|Haunter, M|100/100
|move|p1a: Sawk|Earthquake|p2a: Haunter
|-supereffective|p2a: Haunter
|-damage|p2a: Haunter|0 fnt
|faint|p2a: Haunter
|
|upkeep
|
|t:|1638598702
|switch|p2a: Ludicolo|Ludicolo, F|100/100
|turn|9
|
|t:|1638598712
|switch|p1a: Skuntank|Skuntank, F|77/100
|move|p2a: Ludicolo|Hydro Pump|p1a: Skuntank
|-damage|p1a: Skuntank|0 fnt
|faint|p1a: Skuntank
|-damage|p2a: Ludicolo|91/100|[from] item: Life Orb
|
|upkeep
|
|t:|1638598718
|switch|p1a: Kangaskhan|Kangaskhan, F|100/100
|turn|10
|
|t:|1638598739
|switch|p2a: Alomomola|Alomomola, M|100/100
|move|p1a: Kangaskhan|Double-Edge|p2a: Alomomola
|-damage|p2a: Alomomola|67/100
|-damage|p1a: Kangaskhan|84/100|[from] Recoil
|
|-heal|p2a: Alomomola|74/100|[from] item: Leftovers
|upkeep
|turn|11
|
|t:|1638598752
|switch|p1a: Alomomola|Alomomola, M|100/100
|move|p2a: Alomomola|Toxic|p1a: Alomomola
|-status|p1a: Alomomola|tox
|
|-heal|p2a: Alomomola|80/100|[from] item: Leftovers
|-damage|p1a: Alomomola|94/100 tox|[from] psn
|upkeep
|turn|12
|l| rubycandy
|
|t:|1638598763
|switch|p1a: Rotom|Rotom-Frost|100/100
|move|p2a: Alomomola|Protect||[still]
|-fail|p2a: Alomomola
|
|-heal|p2a: Alomomola|86/100|[from] item: Leftovers
|upkeep
|turn|13
|
|t:|1638598770
|move|p1a: Rotom|Thunderbolt|p2a: Alomomola
|-supereffective|p2a: Alomomola
|-damage|p2a: Alomomola|0 fnt
|faint|p2a: Alomomola
|
|upkeep
|
|t:|1638598775
|switch|p2a: Zigzagoon|Zigzagoon, M|100/100
|turn|14
|
|t:|1638598778
|move|p1a: Rotom|Thunderbolt|p2a: Zigzagoon
|-damage|p2a: Zigzagoon|0 fnt
|faint|p2a: Zigzagoon
|
|upkeep
|j|@susciety?
|
|t:|1638598781
|switch|p2a: Ludicolo|Ludicolo, F|91/100
|turn|15
|inactive|surfacing has 120 seconds left.
|
|t:|1638598811
|switch|p1a: Kangaskhan|Kangaskhan, F|84/100
|move|p2a: Ludicolo|Focus Blast|p1a: Kangaskhan|[miss]
|-miss|p2a: Ludicolo|p1a: Kangaskhan
|
|upkeep
|turn|16
|inactive|surfacing has 120 seconds left.
|
|t:|1638598824
|switch|p2a: Carracosta|Carracosta, F|100/100
|move|p1a: Kangaskhan|Earthquake|p2a: Carracosta
|-supereffective|p2a: Carracosta
|-damage|p2a: Carracosta|61/100
|
|upkeep
|turn|17
|
|t:|1638598830
|move|p1a: Kangaskhan|Earthquake|p2a: Carracosta
|-supereffective|p2a: Carracosta
|-damage|p2a: Carracosta|21/100
|move|p2a: Carracosta|Rain Dance|p2a: Carracosta
|-weather|RainDance
|
|-weather|RainDance|[upkeep]
|upkeep
|turn|18
|j|+Bughouse
|
|t:|1638598836
|switch|p1a: Golurk|Golurk|100/100
|move|p2a: Carracosta|Waterfall|p1a: Golurk
|-supereffective|p1a: Golurk
|-damage|p1a: Golurk|0 fnt
|faint|p1a: Golurk
|
|-weather|RainDance|[upkeep]
|upkeep
|
|t:|1638598842
|switch|p1a: Rotom|Rotom-Frost|100/100
|turn|19
|
|t:|1638598845
|move|p1a: Rotom|Volt Switch|p2a: Carracosta
|-supereffective|p2a: Carracosta
|-damage|p2a: Carracosta|0 fnt
|faint|p2a: Carracosta
|
|t:|1638598849
|switch|p1a: Kangaskhan|Kangaskhan, F|84/100|[from]move: Volt Switch
|
|-weather|RainDance|[upkeep]
|upkeep
|
|t:|1638598854
|switch|p2a: Ludicolo|Ludicolo, F|91/100
|turn|20
|
|t:|1638598858
|move|p1a: Kangaskhan|Fake Out|p2a: Ludicolo
|-damage|p2a: Ludicolo|61/100
|cant|p2a: Ludicolo|flinch
|
|-weather|RainDance|[upkeep]
|upkeep
|turn|21
|
|t:|1638598864
|move|p1a: Kangaskhan|Sucker Punch|p2a: Ludicolo
|-damage|p2a: Ludicolo|28/100
|move|p2a: Ludicolo|Hydro Pump|p1a: Kangaskhan
|-damage|p1a: Kangaskhan|0 fnt
|faint|p1a: Kangaskhan
|-damage|p2a: Ludicolo|18/100|[from] item: Life Orb
|
|-weather|RainDance|[upkeep]
|upkeep
|
|t:|1638598869
|switch|p1a: Alomomola|Alomomola, M|100/100 tox
|turn|22
|
|t:|1638598871
|move|p1a: Alomomola|Protect|p1a: Alomomola
|-singleturn|p1a: Alomomola|Protect
|move|p2a: Ludicolo|Giga Drain|p1a: Alomomola
|-activate|p1a: Alomomola|move: Protect
|
|-weather|RainDance|[upkeep]
|-damage|p1a: Alomomola|94/100 tox|[from] psn
|upkeep
|turn|23
|
|t:|1638598879
|move|p2a: Ludicolo|Giga Drain|p1a: Alomomola
|-supereffective|p1a: Alomomola
|-damage|p1a: Alomomola|25/100 tox
|-heal|p2a: Ludicolo|79/100|[from] drain|[of] p1a: Alomomola
|-damage|p2a: Ludicolo|69/100|[from] item: Life Orb
|move|p1a: Alomomola|Wish|p1a: Alomomola
|
|-weather|RainDance|[upkeep]
|-heal|p1a: Alomomola|31/100 tox|[from] item: Leftovers
|-damage|p1a: Alomomola|19/100 tox|[from] psn
|upkeep
|turn|24
|
|t:|1638598887
|move|p1a: Alomomola|Protect|p1a: Alomomola
|-singleturn|p1a: Alomomola|Protect
|move|p2a: Ludicolo|Giga Drain|p1a: Alomomola
|-activate|p1a: Alomomola|move: Protect
|
|-weather|none
|-heal|p1a: Alomomola|69/100 tox|[from] move: Wish|[wisher] Alomomola
|-heal|p1a: Alomomola|75/100 tox|[from] item: Leftovers
|-damage|p1a: Alomomola|56/100 tox|[from] psn
|upkeep
|turn|25
|
|t:|1638598898
|move|p1a: Alomomola|Protect||[still]
|-fail|p1a: Alomomola
|move|p2a: Ludicolo|Giga Drain|p1a: Alomomola
|-supereffective|p1a: Alomomola
|-damage|p1a: Alomomola|0 fnt
|-heal|p2a: Ludicolo|100/100|[from] drain|[of] p1a: Alomomola
|faint|p1a: Alomomola
|-damage|p2a: Ludicolo|91/100|[from] item: Life Orb
|
|upkeep
|
|t:|1638598902
|switch|p1a: Rotom|Rotom-Frost|100/100
|turn|26
|
|t:|1638598906
|move|p1a: Rotom|Thunderbolt|p2a: Ludicolo
|-damage|p2a: Ludicolo|44/100
|move|p2a: Ludicolo|Focus Blast|p1a: Rotom|[miss]
|-miss|p2a: Ludicolo|p1a: Rotom
|
|upkeep
|turn|27
|
|t:|1638598912
|move|p1a: Rotom|Thunderbolt|p2a: Ludicolo
|-damage|p2a: Ludicolo|0 fnt
|faint|p2a: Ludicolo
|
|win|surfacing
|n|☆surfacing|surfacing
|n|☆Kiwiiss|kiwiiss
|n| BB-8-NU|bb8nu
|n|+Waves|waves
|n| blackkaiser|blackkaiser
|n| susciety?|susciety
|n|+Bughouse|bughouse
