|j|☆steelchad
|j|☆rexxonmobile
|t:|1643850294
|gametype|singles
|player|p1|steelchad|n|1000
|player|p2|rexxonmobile|2|1000
|teamsize|p1|6
|teamsize|p2|6
|gen|5
|tier|[Gen 5] OU
|rated|
|rule|Species Clause: Limit one of each Pokémon
|rule|OHKO Clause: OHKO moves are banned
|rule|Moody Clause: Moody is banned
|rule|Evasion Moves Clause: Evasion moves are banned
|rule|Endless Battle Clause: Forcing endless battles is banned
|rule|HP Percentage Mod: HP is shown in percentages
|rule|Evasion Abilities Clause: Evasion abilities are banned
|rule|Sleep Clause: Sleep-inducing moves are banned
|rule|Swagger Clause: Swagger is banned
|clearpoke
|poke|p1|Skarmory, M|item
|poke|p1|Keldeo|item
|poke|p1|Garchomp, F|item
|poke|p1|Volcarona, F|item
|poke|p1|Celebi|item
|poke|p1|Gengar, M|item
|poke|p2|Landorus-Therian, M|item
|poke|p2|Rotom-Wash|item
|poke|p2|Scizor, M|item
|poke|p2|Espeon, M|item
|poke|p2|Infernape, M|item
|poke|p2|Jolteon, F|item
|teampreview
|
|t:|1643850325
|start
|switch|p1a: Calamari|Skarmory, M, shiny|100/100
|switch|p2a: Jolteon|Jolteon, F|100/100
|turn|1
|
|t:|1643850333
|switch|p1a: Garfunkle|Garchomp, F, shiny|100/100
|move|p2a: Jolteon|Volt Switch|p1a: Garfunkle
|-immune|p1a: Garfunkle
|
|upkeep
|turn|2
|
|t:|1643850340
|move|p2a: Jolteon|Hidden Power|p1a: Garfunkle
|-supereffective|p1a: Garfunkle
|-damage|p1a: Garfunkle|10/100
|move|p1a: Garfunkle|Earthquake|p2a: Jolteon
|-supereffective|p2a: Jolteon
|-damage|p2a: Jolteon|0 fnt
|faint|p2a: Jolteon
|
|upkeep
|
|t:|1643850354
|switch|p2a: Espeon|Espeon, M|100/100
|turn|3
|
|t:|1643850360
|switch|p1a: uhhhu mum|Gengar, M|100/100
|move|p2a: Espeon|Psychic|p1a: uhhhu mum
|-supereffective|p1a: uhhhu mum
|-damage|p1a: uhhhu mum|0 fnt
|faint|p1a: uhhhu mum
|
|upkeep
|
|t:|1643850377
|switch|p1a: fairynig|Celebi|100/100
|turn|4
|
|t:|1643850388
|move|p1a: fairynig|Nasty Plot|p1a: fairynig
|-boost|p1a: fairynig|spa|2
|move|p2a: Espeon|Calm Mind|p2a: Espeon
|-boost|p2a: Espeon|spa|1
|-boost|p2a: Espeon|spd|1
|
|upkeep
|turn|5
|
|t:|1643850398
|move|p1a: fairynig|Nasty Plot|p1a: fairynig
|-boost|p1a: fairynig|spa|2
|move|p2a: Espeon|Calm Mind|p2a: Espeon
|-boost|p2a: Espeon|spa|1
|-boost|p2a: Espeon|spd|1
|
|upkeep
|turn|6
|
|t:|1643850406
|move|p1a: fairynig|Leaf Storm|p2a: Espeon
|-damage|p2a: Espeon|30/100
|-unboost|p1a: fairynig|spa|2
|move|p2a: Espeon|Hidden Power|p1a: fairynig
|-supereffective|p1a: fairynig
|-damage|p1a: fairynig|17/100
|
|-heal|p2a: Espeon|36/100|[from] item: Leftovers
|upkeep
|turn|7
|
|t:|1643850423
|move|p1a: fairynig|Leaf Storm|p2a: Espeon
|-damage|p2a: Espeon|0 fnt
|-unboost|p1a: fairynig|spa|2
|faint|p2a: Espeon
|
|upkeep
|
|t:|1643850430
|switch|p2a: Infernape|Infernape, M|100/100
|turn|8
|
|t:|1643850438
|switch|p1a: Bing|Keldeo|100/100
|move|p2a: Infernape|Stealth Rock|p1a: Bing
|-sidestart|p1: steelchad|move: Stealth Rock
|
|upkeep
|turn|9
|
|t:|1643850447
|move|p1a: Bing|Scald|p2a: Infernape
|-supereffective|p2a: Infernape
|-damage|p2a: Infernape|0 fnt
|faint|p2a: Infernape
|
|upkeep
|
|t:|1643850452
|switch|p2a: Rotom|Rotom-Wash|100/100
|turn|10
|
|t:|1643850459
|move|p2a: Rotom|Volt Switch|p1a: Bing
|-supereffective|p1a: Bing
|-damage|p1a: Bing|22/100
|
|t:|1643850462
|switch|p2a: Scizor|Scizor, M|100/100|[from]move: Volt Switch
|move|p1a: Bing|Taunt|p2a: Scizor
|-start|p2a: Scizor|move: Taunt
|
|-heal|p1a: Bing|29/100|[from] item: Leftovers
|upkeep
|turn|11
|
|t:|1643850476
|move|p1a: Bing|Secret Sword|p2a: Scizor
|-damage|p2a: Scizor|53/100
|move|p2a: Scizor|U-turn|p1a: Bing
|-resisted|p1a: Bing
|-damage|p1a: Bing|8/100
|
|t:|1643850488
|switch|p2a: Rotom|Rotom-Wash|100/100|[from]move: U-turn
|
|-heal|p1a: Bing|14/100|[from] item: Leftovers
|upkeep
|turn|12
|
|t:|1643850502
|move|p2a: Rotom|Volt Switch|p1a: Bing
|-supereffective|p1a: Bing
|-damage|p1a: Bing|0 fnt
|faint|p1a: Bing
|
|t:|1643850516
|switch|p2a: Scizor|Scizor, M|53/100|[from]move: Volt Switch
|
|-heal|p2a: Scizor|59/100|[from] item: Leftovers
|upkeep
|
|t:|1643850520
|switch|p1a: fullsendcorona|Volcarona, F|100/100
|-damage|p1a: fullsendcorona|51/100|[from] Stealth Rock
|turn|13
|
|t:|1643850534
|move|p1a: fullsendcorona|Roost|p1a: fullsendcorona
|-heal|p1a: fullsendcorona|100/100
|-singleturn|p1a: fullsendcorona|move: Roost
|move|p2a: Scizor|U-turn|p1a: fullsendcorona
|-resisted|p1a: fullsendcorona
|-damage|p1a: fullsendcorona|78/100
|
|t:|1643850540
|switch|p2a: Landorus|Landorus-Therian, M|100/100|[from]move: U-turn
|-ability|p2a: Landorus|Intimidate|boost
|-unboost|p1a: fullsendcorona|atk|1
|
|upkeep
|turn|14
|
|t:|1643850551
|switch|p1a: Calamari|Skarmory, M, shiny|100/100
|-damage|p1a: Calamari|88/100|[from] Stealth Rock
|move|p2a: Landorus|Earthquake|p1a: Calamari
|-immune|p1a: Calamari
|
|-heal|p1a: Calamari|94/100|[from] item: Leftovers
|upkeep
|turn|15
|
|t:|1643850567
|switch|p2a: Rotom|Rotom-Wash|100/100
|move|p1a: Calamari|Spikes|p2a: Rotom
|-sidestart|p2: rexxonmobile|Spikes
|
|-heal|p1a: Calamari|99/100|[from] item: Leftovers
|upkeep
|turn|16
|
|t:|1643850584
|move|p2a: Rotom|Thunderbolt|p1a: Calamari
|-supereffective|p1a: Calamari
|-damage|p1a: Calamari|0 fnt
|faint|p1a: Calamari
|
|upkeep
|
|t:|1643850591
|switch|p1a: Garfunkle|Garchomp, F, shiny|10/100
|-damage|p1a: Garfunkle|4/100|[from] Stealth Rock
|turn|17
|
|t:|1643850603
|switch|p2a: Landorus|Landorus-Therian, M|100/100
|-ability|p2a: Landorus|Intimidate|boost
|-unboost|p1a: Garfunkle|atk|1
|move|p1a: Garfunkle|Earthquake|p2a: Landorus
|-immune|p2a: Landorus
|
|upkeep
|turn|18
|
|t:|1643850616
|move|p2a: Landorus|U-turn|p1a: Garfunkle
|-damage|p1a: Garfunkle|0 fnt
|-damage|p2a: Landorus|88/100|[from] ability: Rough Skin|[of] p1a: Garfunkle
|faint|p1a: Garfunkle
|
|t:|1643850621
|switch|p2a: Scizor|Scizor, M|59/100|[from]move: U-turn
|-damage|p2a: Scizor|46/100|[from] Spikes
|
|-heal|p2a: Scizor|52/100|[from] item: Leftovers
|upkeep
|
|t:|1643850626
|switch|p1a: fullsendcorona|Volcarona, F|78/100
|-damage|p1a: fullsendcorona|28/100|[from] Stealth Rock
|turn|19
|
|t:|1643850636
|switch|p2a: Landorus|Landorus-Therian, M|88/100
|-ability|p2a: Landorus|Intimidate|boost
|-unboost|p1a: fullsendcorona|atk|1
|move|p1a: fullsendcorona|Flamethrower|p2a: Landorus
|-damage|p2a: Landorus|36/100
|
|upkeep
|turn|20
|
|t:|1643850645
|move|p2a: Landorus|Earthquake|p1a: fullsendcorona
|-damage|p1a: fullsendcorona|0 fnt
|faint|p1a: fullsendcorona
|
|upkeep
|
|t:|1643850649
|switch|p1a: fairynig|Celebi|17/100
|-damage|p1a: fairynig|5/100|[from] Stealth Rock
|turn|21
|
|t:|1643850654
|move|p2a: Landorus|Earthquake|p1a: fairynig
|-resisted|p1a: fairynig
|-damage|p1a: fairynig|0 fnt
|faint|p1a: fairynig
|
|win|rexxonmobile
|raw|steelchad's rating: 1000 &rarr; <strong>1000</strong><br />(+0 for losing)
|raw|rexxonmobile's rating: 1000 &rarr; <strong>1040</strong><br />(+40 for winning)
