|j|☆Arm Rulz1029
|j|☆NoStatsIg
|t:|1643857906
|gametype|singles
|player|p1|Arm Rulz1029|ingo|1150
|player|p2|NoStatsIg|fisherman-gen4|1342
|teamsize|p1|6
|teamsize|p2|6
|gen|5
|tier|[Gen 5] OU
|rated|
|rule|Species Clause: Limit one of each Pokémon
|rule|OHKO Clause: OHKO moves are banned
|rule|Moody Clause: Moody is banned
|rule|Evasion Moves Clause: Evasion moves are banned
|rule|Endless Battle Clause: Forcing endless battles is banned
|rule|HP Percentage Mod: HP is shown in percentages
|rule|Evasion Abilities Clause: Evasion abilities are banned
|rule|Sleep Clause: Sleep-inducing moves are banned
|rule|Swagger Clause: Swagger is banned
|clearpoke
|poke|p1|Weavile, F|item
|poke|p1|Latios, M|item
|poke|p1|Scizor, F|item
|poke|p1|Honchkrow, F|item
|poke|p1|Starmie|item
|poke|p1|Magnezone|item
|poke|p2|Scizor, F|item
|poke|p2|Latios, M|item
|poke|p2|Conkeldurr, M|item
|poke|p2|Garchomp, F|item
|poke|p2|Jellicent, F|item
|poke|p2|Magnezone|item
|teampreview
|inactive|Battle timer is ON: inactive players will automatically lose when time's up. (requested by NoStatsIg)
|
|t:|1643857925
|start
|switch|p1a: Vilewea|Weavile, F, shiny|100/100
|switch|p2a: Scizor|Scizor, F|100/100
|turn|1
|
|t:|1643857946
|move|p2a: Scizor|Bullet Punch|p1a: Vilewea
|-supereffective|p1a: Vilewea
|-damage|p1a: Vilewea|0 fnt
|faint|p1a: Vilewea
|
|upkeep
|
|t:|1643857949
|switch|p1a: Magnezone|Magnezone|100/100
|turn|2
|
|t:|1643857954
|move|p2a: Scizor|Superpower|p1a: Magnezone
|-supereffective|p1a: Magnezone
|-damage|p1a: Magnezone|0 fnt
|-unboost|p2a: Scizor|atk|1
|-unboost|p2a: Scizor|def|1
|faint|p1a: Magnezone
|
|upkeep
|c|☆Arm Rulz1029|cool
|
|t:|1643857961
|switch|p1a: Scizor|Scizor, F|100/100
|turn|3
|
|t:|1643857969
|switch|p2a: Jellicent|Jellicent, F|100/100
|move|p1a: Scizor|Swords Dance|p1a: Scizor
|-boost|p1a: Scizor|atk|2
|
|upkeep
|turn|4
|
|t:|1643857977
|move|p2a: Jellicent|Will-O-Wisp|p1a: Scizor
|-status|p1a: Scizor|brn
|move|p1a: Scizor|Swords Dance|p1a: Scizor
|-boost|p1a: Scizor|atk|2
|
|-damage|p1a: Scizor|88/100 brn|[from] brn
|upkeep
|turn|5
|c|☆Arm Rulz1029|i figured as much
|
|t:|1643857985
|move|p1a: Scizor|Bullet Punch|p2a: Jellicent
|-resisted|p2a: Jellicent
|-damage|p2a: Jellicent|71/100
|-damage|p1a: Scizor|78/100 brn|[from] item: Life Orb
|move|p2a: Jellicent|Night Shade|p1a: Scizor
|-damage|p1a: Scizor|49/100 brn
|
|-heal|p2a: Jellicent|77/100|[from] item: Leftovers
|-damage|p1a: Scizor|37/100 brn|[from] brn
|upkeep
|turn|6
|
|t:|1643857990
|move|p1a: Scizor|Bullet Punch|p2a: Jellicent
|-resisted|p2a: Jellicent
|-damage|p2a: Jellicent|45/100
|-damage|p1a: Scizor|27/100 brn|[from] item: Life Orb
|move|p2a: Jellicent|Night Shade|p1a: Scizor
|-damage|p1a: Scizor|0 fnt
|faint|p1a: Scizor
|
|-heal|p2a: Jellicent|51/100|[from] item: Leftovers
|upkeep
|
|t:|1643857994
|switch|p1a: Krowhonch|Honchkrow, F|100/100
|turn|7
|
|t:|1643857997
|move|p1a: Krowhonch|Steel Wing|p2a: Jellicent
|-resisted|p2a: Jellicent
|-damage|p2a: Jellicent|40/100
|move|p2a: Jellicent|Recover|p2a: Jellicent
|-heal|p2a: Jellicent|90/100
|
|-heal|p2a: Jellicent|96/100|[from] item: Leftovers
|upkeep
|turn|8
|c|☆Arm Rulz1029|bruh
|
|t:|1643858007
|switch|p1a: Latios|Latios, M|100/100
|move|p2a: Jellicent|Will-O-Wisp|p1a: Latios
|-status|p1a: Latios|brn
|
|-heal|p2a: Jellicent|100/100|[from] item: Leftovers
|-damage|p1a: Latios|88/100 brn|[from] brn
|upkeep
|turn|9
|c|☆NoStatsIg|are u just gonna send a msg every time something doesn't go ur way? -.-
|
|t:|1643858016
|move|p1a: Latios|Energy Ball|p2a: Jellicent
|-supereffective|p2a: Jellicent
|-damage|p2a: Jellicent|26/100
|move|p2a: Jellicent|Recover|p2a: Jellicent
|-heal|p2a: Jellicent|76/100
|
|-heal|p2a: Jellicent|82/100|[from] item: Leftovers
|-damage|p1a: Latios|76/100 brn|[from] brn
|upkeep
|turn|10
|
|t:|1643858025
|switch|p2a: Scizor|Scizor, F|100/100
|move|p1a: Latios|Energy Ball|p2a: Scizor
|-resisted|p2a: Scizor
|-damage|p2a: Scizor|85/100
|
|-damage|p1a: Latios|64/100 brn|[from] brn
|upkeep
|turn|11
|n|!Arm Rulz1029|armrulz1029
|-message|Arm Rulz1029 forfeited.
|
|win|NoStatsIg
|raw|Arm Rulz1029's rating: 1150 &rarr; <strong>1138</strong><br />(-12 for losing)
|raw|NoStatsIg's rating: 1342 &rarr; <strong>1352</strong><br />(+10 for winning)
|l|!Arm Rulz1029
