|j|☆Ophion
|j|☆pult94d somalia
|t:|1640648442
|gametype|singles
|player|p1|Ophion|morty|
|player|p2|pult94d somalia|ethan|
|teamsize|p1|6
|teamsize|p2|6
|gen|5
|tier|[Gen 5] UU
|rated|Tournament battle
|rule|Species Clause: Limit one of each Pokémon
|rule|OHKO Clause: OHKO moves are banned
|rule|Moody Clause: Moody is banned
|rule|Evasion Moves Clause: Evasion moves are banned
|rule|Endless Battle Clause: Forcing endless battles is banned
|rule|HP Percentage Mod: HP is shown in percentages
|rule|Evasion Abilities Clause: Evasion abilities are banned
|rule|Swagger Clause: Swagger is banned
|rule|Sleep Clause Mod: Limit one foe put to sleep
|clearpoke
|poke|p1|Kingdra, M|item
|poke|p1|Kabutops, F|item
|poke|p1|Azelf|item
|poke|p1|Tornadus, M|item
|poke|p1|Raikou|item
|poke|p1|Heracross, M|item
|poke|p2|Rhyperior, M|item
|poke|p2|Meloetta|item
|poke|p2|Heracross, M|item
|poke|p2|Weavile, M|item
|poke|p2|Flygon, M|item
|poke|p2|Empoleon, F|item
|teampreview
|j| BB-8-NU
|inactive|Battle timer is ON: inactive players will automatically lose when time's up. (requested by pult94d somalia)
|c|☆pult94d somalia|hf brother
|j| potato14798
|j|+BluBirD
|j| screaminsquirrel69
|c|+BluBirD|2 goats
|c|☆Ophion|u2 boss
|j| voltypichu
|inactive|Ophion has 120 seconds left.
|j|+AM
|j|#Waves
|
|t:|1640648478
|start
|switch|p1a: Raikou|Raikou, shiny|100/100
|switch|p2a: ARMORED ARMADILLO|Rhyperior, M, shiny|100/100
|-ability|p1a: Raikou|Pressure
|turn|1
|
|t:|1640648485
|move|p1a: Raikou|Hidden Power|p2a: ARMORED ARMADILLO
|-supereffective|p2a: ARMORED ARMADILLO
|-damage|p2a: ARMORED ARMADILLO|54/100
|move|p2a: ARMORED ARMADILLO|Stealth Rock|p1a: Raikou
|-sidestart|p1: Ophion|move: Stealth Rock
|
|upkeep
|turn|2
|l| voltypichu
|
|t:|1640648491
|switch|p1a: Azelf|Azelf|100/100
|-damage|p1a: Azelf|88/100|[from] Stealth Rock
|move|p2a: ARMORED ARMADILLO|Earthquake|p1a: Azelf
|-immune|p1a: Azelf|[from] ability: Levitate
|
|upkeep
|turn|3
|
|t:|1640648495
|move|p1a: Azelf|Rain Dance|p1a: Azelf
|-weather|RainDance
|move|p2a: ARMORED ARMADILLO|Megahorn|p1a: Azelf
|-supereffective|p1a: Azelf
|-damage|p1a: Azelf|0 fnt
|faint|p1a: Azelf
|
|-weather|RainDance|[upkeep]
|upkeep
|
|t:|1640648498
|switch|p1a: Kabutops|Kabutops, F|100/100
|-damage|p1a: Kabutops|88/100|[from] Stealth Rock
|turn|4
|j| johnathan madden
|
|t:|1640648509
|move|p1a: Kabutops|Waterfall|p2a: ARMORED ARMADILLO
|-supereffective|p2a: ARMORED ARMADILLO
|-damage|p2a: ARMORED ARMADILLO|0 fnt
|faint|p2a: ARMORED ARMADILLO
|-damage|p1a: Kabutops|78/100|[from] item: Life Orb
|
|-weather|RainDance|[upkeep]
|upkeep
|c|☆Ophion|the rhyp has dropped
|inactive|pult94d somalia has 120 seconds left.
|inactive|pult94d somalia has 90 seconds left.
|
|t:|1640648577
|switch|p2a: STAGE START|Meloetta|100/100
|turn|5
|
|t:|1640648584
|move|p1a: Kabutops|Waterfall|p2a: STAGE START
|-damage|p2a: STAGE START|7/100
|-damage|p1a: Kabutops|68/100|[from] item: Life Orb
|cant|p2a: STAGE START|flinch
|
|-weather|RainDance|[upkeep]
|-heal|p2a: STAGE START|13/100|[from] item: Leftovers
|upkeep
|turn|6
|inactive|pult94d somalia has 90 seconds left.
|c|☆Ophion|damn thats shit
|c|☆Ophion|sorry man
|l| potato14798
|c|☆pult94d somalia|the small chance i had to win vs rain
|c|☆pult94d somalia|all gone
|c|☆pult94d somalia|np man
|c|☆pult94d somalia|i was at a massive disadvantage anyways
|j| Si3gwardOfCatarina
|c|☆pult94d somalia|doubt i can win
|inactive|pult94d somalia has 60 seconds left.
|c|☆Ophion|dude i got 0 cluw how to play this tier LOL
|c|☆pult94d somalia|with rain
|c|☆pult94d somalia|u dont need to trust me lol
|c|☆pult94d somalia|its like dpp rain
|c|☆pult94d somalia|in a way
|inactive|pult94d somalia has 30 seconds left.
|
|t:|1640648651
|move|p1a: Kabutops|Waterfall|p2a: STAGE START
|-damage|p2a: STAGE START|0 fnt
|faint|p2a: STAGE START
|-damage|p1a: Kabutops|58/100|[from] item: Life Orb
|
|-weather|RainDance|[upkeep]
|upkeep
|inactive|pult94d somalia has 30 seconds left.
|j| Wildfiree
|l| Wildfiree
|inactive|pult94d somalia has 20 seconds left.
|inactive|pult94d somalia has 15 seconds left.
|j| Nal or Ium? ⧳
|inactive|pult94d somalia has 10 seconds left.
|
|t:|1640648676
|switch|p2a: SPARK MANDRILL|Heracross, M, shiny|100/100
|turn|7
|inactive|pult94d somalia has 20 seconds left this turn.
|c|☆Ophion|dpp rain is such a fish lol altho tbf
|inactive|pult94d somalia has 15 seconds left.
|inactive|pult94d somalia has 10 seconds left.
|c|☆pult94d somalia|nah this isnt fish
|c|☆pult94d somalia|in bw its 10x tmroe broken
|inactive|pult94d somalia has 5 seconds left.
|
|t:|1640648693
|switch|p1a: Heracross|Heracross, M|100/100
|-damage|p1a: Heracross|88/100|[from] Stealth Rock
|move|p2a: SPARK MANDRILL|Endure||[still]
|-fail|p2a: SPARK MANDRILL
|
|-weather|RainDance|[upkeep]
|upkeep
|turn|8
|inactive|pult94d somalia has 15 seconds left this turn.
|inactive|pult94d somalia has 10 seconds left.
|inactive|pult94d somalia has 5 seconds left.
|
|t:|1640648703
|move|p2a: SPARK MANDRILL|Swords Dance|p2a: SPARK MANDRILL
|-boost|p2a: SPARK MANDRILL|atk|2
|move|p1a: Heracross|Close Combat|p2a: SPARK MANDRILL
|-resisted|p2a: SPARK MANDRILL
|-damage|p2a: SPARK MANDRILL|38/100
|-unboost|p1a: Heracross|def|1
|-unboost|p1a: Heracross|spd|1
|
|-weather|RainDance|[upkeep]
|upkeep
|turn|9
|inactive|pult94d somalia has 15 seconds left this turn.
|inactive|pult94d somalia has 10 seconds left.
|
|t:|1640648710
|switch|p1a: Tornadus|Tornadus, M|100/100
|-damage|p1a: Tornadus|76/100|[from] Stealth Rock
|move|p2a: SPARK MANDRILL|Close Combat|p1a: Tornadus
|-resisted|p1a: Tornadus
|-damage|p1a: Tornadus|0 fnt
|-unboost|p2a: SPARK MANDRILL|def|1
|-unboost|p2a: SPARK MANDRILL|spd|1
|faint|p1a: Tornadus
|
|-weather|RainDance|[upkeep]
|upkeep
|inactive|pult94d somalia has 15 seconds left this turn.
|
|t:|1640648713
|switch|p1a: Raikou|Raikou, shiny|100/100
|-damage|p1a: Raikou|88/100|[from] Stealth Rock
|-ability|p1a: Raikou|Pressure
|turn|10
|inactive|pult94d somalia has 25 seconds left this turn.
|inactive|pult94d somalia has 20 seconds left.
|
|t:|1640648722
|move|p2a: SPARK MANDRILL|Endure|p2a: SPARK MANDRILL
|-singleturn|p2a: SPARK MANDRILL|move: Endure
|move|p1a: Raikou|Volt Switch|p2a: SPARK MANDRILL
|-activate|p2a: SPARK MANDRILL|move: Endure
|-damage|p2a: SPARK MANDRILL|1/100
|inactive|pult94d somalia has 25 seconds left this turn.
|
|t:|1640648723
|switch|p1a: Kabutops|Kabutops, F|58/100|[from]move: Volt Switch
|-damage|p1a: Kabutops|46/100|[from] Stealth Rock
|
|-weather|none
|upkeep
|turn|11
|-enditem|p2a: SPARK MANDRILL|Custap Berry|[eat]
|-activate|p2a: SPARK MANDRILL|item: Custap Berry|[consumed]
|
|t:|1640648727
|move|p1a: Kabutops|Aqua Jet|p2a: SPARK MANDRILL
|-damage|p2a: SPARK MANDRILL|0 fnt
|faint|p2a: SPARK MANDRILL
|-damage|p1a: Kabutops|36/100|[from] item: Life Orb
|
|upkeep
|inactive|pult94d somalia has 30 seconds left.
|c|☆Ophion|i was expecting salac
|c|☆Ophion|this tiers wild as hell
|inactive|pult94d somalia has 20 seconds left.
|inactive|pult94d somalia has 15 seconds left.
|
|t:|1640648754
|switch|p2a: IP MAN|Weavile, M, shiny|100/100
|turn|12
|inactive|pult94d somalia has 25 seconds left this turn.
|inactive|pult94d somalia has 20 seconds left.
|j|+Staxi
|
|t:|1640648763
|move|p1a: Kabutops|Aqua Jet|p2a: IP MAN
|-damage|p2a: IP MAN|55/100
|-damage|p1a: Kabutops|26/100|[from] item: Life Orb
|move|p2a: IP MAN|Low Kick|p1a: Kabutops
|-supereffective|p1a: Kabutops
|-damage|p1a: Kabutops|0 fnt
|faint|p1a: Kabutops
|
|upkeep
|inactive|pult94d somalia has 25 seconds left this turn.
|c|☆pult94d somalia|wait
|c|☆pult94d somalia|woops forgot u got hera
|
|t:|1640648776
|switch|p1a: Heracross|Heracross, M|88/100
|-damage|p1a: Heracross|76/100|[from] Stealth Rock
|turn|13
|j| Ashes Tears
|inactive|pult94d somalia has 30 seconds left.
|j| we just cruising
|c|☆Ophion|who droppin
|inactive|pult94d somalia has 20 seconds left.
|
|t:|1640648791
|move|p2a: IP MAN|Ice Shard|p1a: Heracross
|-damage|p1a: Heracross|52/100
|move|p1a: Heracross|Close Combat|p2a: IP MAN
|-supereffective|p2a: IP MAN
|-damage|p2a: IP MAN|0 fnt
|-unboost|p1a: Heracross|def|1
|-unboost|p1a: Heracross|spd|1
|faint|p2a: IP MAN
|
|upkeep
|inactive|pult94d somalia has 25 seconds left this turn.
|
|t:|1640648796
|switch|p2a: STORM EAGLE|Flygon, M|100/100
|turn|14
|inactive|pult94d somalia has 30 seconds left.
|inactive|pult94d somalia has 20 seconds left.
|
|t:|1640648811
|switch|p1a: Raikou|Raikou, shiny|88/100
|-damage|p1a: Raikou|76/100|[from] Stealth Rock
|-ability|p1a: Raikou|Pressure
|move|p2a: STORM EAGLE|Outrage|p1a: Raikou
|-damage|p1a: Raikou|0 fnt
|faint|p1a: Raikou
|
|upkeep
|inactive|pult94d somalia has 25 seconds left this turn.
|
|t:|1640648815
|switch|p1a: Kingdra|Kingdra, M|100/100
|-damage|p1a: Kingdra|88/100|[from] Stealth Rock
|turn|15
|
|t:|1640648819
|move|p2a: STORM EAGLE|Outrage|p1a: Kingdra|[from]lockedmove
|-supereffective|p1a: Kingdra
|-damage|p1a: Kingdra|0 fnt
|faint|p1a: Kingdra
|-start|p2a: STORM EAGLE|confusion|[fatigue]
|
|upkeep
|
|t:|1640648821
|switch|p1a: Heracross|Heracross, M|52/100
|-damage|p1a: Heracross|40/100|[from] Stealth Rock
|turn|16
|c|☆Ophion|ye the gon did it gg boss
|c|☆Ophion|played around hera like shit
|c|☆pult94d somalia|lol u gave me the win haha
|c|☆pult94d somalia|u felt sorry for me
|j| Amigento1958
|c|☆pult94d somalia|gg man
|
|t:|1640648840
|switch|p2a: CHILL PENGUIN|Empoleon, F|100/100
|move|p1a: Heracross|Close Combat|p2a: CHILL PENGUIN
|-supereffective|p2a: CHILL PENGUIN
|-damage|p2a: CHILL PENGUIN|0 fnt
|-unboost|p1a: Heracross|def|1
|-unboost|p1a: Heracross|spd|1
|faint|p2a: CHILL PENGUIN
|
|upkeep
|
|t:|1640648842
|switch|p2a: STORM EAGLE|Flygon, M|100/100
|turn|17
|
|t:|1640648844
|move|p2a: STORM EAGLE|Outrage|p1a: Heracross
|-damage|p1a: Heracross|0 fnt
|faint|p1a: Heracross
|
|win|pult94d somalia
|n|☆Ophion|ophion
|n|☆pult94d somalia|pult94dsomalia
|n| BB-8-NU|bb8nu
|n| BluBirD|blubird
|n| screaminsquirrel69|screaminsquirrel69
|n|+AM|am
|n|+Waves|waves
|n| johnathan madden|johnathanmadden
|n| Si3gwardOfCatarina|si3gwardofcatarina
|n| Nal or Ium? ⧳|nalorium
|n|+Staxi|staxi
|n| Ashes Tears|ashestears
|n| we just cruising|wejustcruising
|n| Amigento1958|amigento1958
