|j|☆LpZ IV
|j|☆trace
|t:|1630735570
|gametype|singles
|player|p1|LpZ IV|dragontamer|
|player|p2|trace|#trace|
|teamsize|p1|6
|teamsize|p2|6
|gen|5
|tier|[Gen 5] UU
|rule|Species Clause: Limit one of each Pokémon
|rule|OHKO Clause: OHKO moves are banned
|rule|Moody Clause: Moody is banned
|rule|Evasion Moves Clause: Evasion moves are banned
|rule|Endless Battle Clause: Forcing endless battles is banned
|rule|HP Percentage Mod: HP is shown in percentages
|rule|Evasion Abilities Clause: Evasion abilities are banned
|rule|Baton Pass Clause: Limit one Baton Passer, can't pass Spe and other stats simultaneously
|rule|Swagger Clause: Swagger is banned
|rule|Sleep Clause Mod: Limit one foe put to sleep
|clearpoke
|poke|p1|Victini|item
|poke|p1|Nidoqueen, F|item
|poke|p1|Zapdos|item
|poke|p1|Cofagrigus, L99, F|item
|poke|p1|Snorlax, M|item
|poke|p1|Virizion|item
|poke|p2|Flygon, F|item
|poke|p2|Blastoise, F|item
|poke|p2|Victini|item
|poke|p2|Zapdos|item
|poke|p2|Gligar, M|item
|poke|p2|Umbreon, F|item
|teampreview
|c|☆LpZ IV|hf
|c|☆trace|u2
|j| md chefe
|j| StitChuu
|j| Sahki
|j| Beraldinhoo
|j|+avarice
|c| Beraldinhoo|lpz o quarto
|j| Expulso
|c| Sahki|lpz the fourth
|j| Codename Magnum
|j| Highways
|c| md chefe|OI
|j| omicorio
|j|+gorex
|c| omicorio|go trace
|c| Codename Magnum|the level 99 coff
|j| fabwooloousツ
|c| omicorio|go bothactually
|c| fabwooloousツ|Ganhei trace
|c| StitChuu|lgi trace
|c| Sahki|bn fabwooloous
|
|t:|1630735707
|start
|switch|p1a: Zapdos|Zapdos|100/100
|switch|p2a: Flygon|Flygon, F|100/100
|-ability|p1a: Zapdos|Pressure
|turn|1
|j| DrakeyTT
|c| DrakeyTT|oi StitChuu
|c| StitChuu|oi DrakeyTT
|c| DrakeyTT|oi gorex
|c| Sahki|gorex porra
|l| md chefe
|inactive|Battle timer is ON: inactive players will automatically lose when time's up. (requested by trace)
|
|t:|1630735784
|switch|p2a: Umbreon|Umbreon, F|100/100
|move|p1a: Zapdos|Thunderbolt|p2a: Umbreon
|-damage|p2a: Umbreon|74/100
|-status|p2a: Umbreon|par
|-activate|p2a: Umbreon|ability: Synchronize
|-status|p1a: Zapdos|par
|
|-heal|p2a: Umbreon|80/100 par|[from] item: Leftovers
|upkeep
|turn|2
|
|t:|1630735797
|switch|p1a: Virizion|Virizion|100/100
|switch|p2a: Gligar|Gligar, M|100/100
|
|upkeep
|turn|3
|
|t:|1630735810
|move|p1a: Virizion|Swords Dance|p1a: Virizion
|-boost|p1a: Virizion|atk|2
|move|p2a: Gligar|Stealth Rock|p1a: Virizion
|-sidestart|p1: LpZ IV|move: Stealth Rock
|
|upkeep
|turn|4
|
|t:|1630735820
|move|p1a: Virizion|Leaf Blade|p2a: Gligar
|-crit|p2a: Gligar
|-damage|p2a: Gligar|26/100
|move|p2a: Gligar|U-turn|p1a: Virizion
|-damage|p1a: Virizion|83/100
|c| Highways|facil
|c|☆trace|oh fuck
|
|t:|1630735829
|switch|p2a: Victini|Victini|100/100|[from]move: U-turn
|
|upkeep
|turn|5
|
|t:|1630735835
|switch|p1a: Snorlax|Snorlax, M|100/100
|-damage|p1a: Snorlax|88/100|[from] Stealth Rock
|move|p2a: Victini|U-turn|p1a: Snorlax
|-damage|p1a: Snorlax|69/100
|
|t:|1630735842
|switch|p2a: Gligar|Gligar, M|26/100|[from]move: U-turn
|
|-heal|p1a: Snorlax|75/100|[from] item: Leftovers
|upkeep
|turn|6
|j|+ninjadog
|inactive|LpZ IV has 270 seconds left.
|j| meas333
|inactive|LpZ IV has 240 seconds left.
|inactive|LpZ IV has 210 seconds left.
|
|t:|1630735935
|switch|p1a: Nidoqueen|Nidoqueen, F|100/100
|-damage|p1a: Nidoqueen|94/100|[from] Stealth Rock
|move|p2a: Gligar|Roost|p2a: Gligar
|-heal|p2a: Gligar|76/100
|-singleturn|p2a: Gligar|move: Roost
|
|upkeep
|turn|7
|
|t:|1630735941
|switch|p2a: Blastoise|Blastoise, F|100/100
|move|p1a: Nidoqueen|Stealth Rock|p2a: Blastoise
|-sidestart|p2: trace|move: Stealth Rock
|
|upkeep
|turn|8
|inactive|LpZ IV has 210 seconds left.
|
|t:|1630735961
|switch|p1a: Zapdos|Zapdos|100/100 par
|-damage|p1a: Zapdos|76/100 par|[from] Stealth Rock
|-ability|p1a: Zapdos|Pressure
|move|p2a: Blastoise|Scald|p1a: Zapdos
|-damage|p1a: Zapdos|47/100 par
|
|-heal|p1a: Zapdos|53/100 par|[from] item: Leftovers
|upkeep
|turn|9
|inactive|LpZ IV has 210 seconds left.
|
|t:|1630735981
|move|p2a: Blastoise|Rapid Spin|p1a: Zapdos
|-damage|p1a: Zapdos|49/100 par
|-sideend|p2: trace|Stealth Rock|[from] move: Rapid Spin|[of] p2a: Blastoise
|move|p1a: Zapdos|Roost|p1a: Zapdos
|-heal|p1a: Zapdos|99/100 par
|-singleturn|p1a: Zapdos|move: Roost
|
|-heal|p1a: Zapdos|100/100 par|[from] item: Leftovers
|upkeep
|turn|10
|j| uu9t ohmygod
|
|t:|1630735987
|switch|p2a: Umbreon|Umbreon, F|80/100 par
|move|p1a: Zapdos|Thunderbolt|p2a: Umbreon
|-damage|p2a: Umbreon|55/100 par
|
|-heal|p2a: Umbreon|62/100 par|[from] item: Leftovers
|upkeep
|turn|11
|j|+TSR
|inactive|LpZ IV has 210 seconds left.
|
|t:|1630735998
|switch|p1a: Virizion|Virizion|83/100
|-damage|p1a: Virizion|76/100|[from] Stealth Rock
|cant|p2a: Umbreon|par
|
|-heal|p2a: Umbreon|68/100 par|[from] item: Leftovers
|upkeep
|turn|12
|
|t:|1630736005
|switch|p2a: Victini|Victini|100/100
|move|p1a: Virizion|Swords Dance|p1a: Virizion
|-boost|p1a: Virizion|atk|2
|
|upkeep
|turn|13
|inactive|LpZ IV has 210 seconds left.
|inactive|LpZ IV has 180 seconds left.
|
|t:|1630736075
|switch|p1a: Nidoqueen|Nidoqueen, F|94/100
|-damage|p1a: Nidoqueen|88/100|[from] Stealth Rock
|move|p2a: Victini|V-create|p1a: Nidoqueen
|-damage|p1a: Nidoqueen|5/100
|-unboost|p2a: Victini|spe|1
|-unboost|p2a: Victini|def|1
|-unboost|p2a: Victini|spd|1
|
|upkeep
|turn|14
|c| Highways|????
|c| Highways|lpz????????
|inactive|LpZ IV has 150 seconds left.
|c| Sahki|inimigo da vitoria
|c| DrakeyTT|lpz moment
|c| Highways|sim LOL
|c| Beraldinhoo|eu ai
|
|t:|1630736119
|move|p2a: Victini|V-create|p1a: Nidoqueen
|-damage|p1a: Nidoqueen|0 fnt
|-unboost|p2a: Victini|spe|1
|-unboost|p2a: Victini|def|1
|-unboost|p2a: Victini|spd|1
|faint|p1a: Nidoqueen
|
|upkeep
|
|t:|1630736121
|switch|p1a: Snorlax|Snorlax, M|75/100
|-damage|p1a: Snorlax|63/100|[from] Stealth Rock
|turn|15
|inactive|LpZ IV has 120 seconds left.
|
|t:|1630736150
|-activate|p2a: Victini|move: Pursuit
|move|p1a: Snorlax|Pursuit|p2a: Victini|[from]Pursuit
|-supereffective|p2a: Victini
|-damage|p2a: Victini|0 fnt
|faint|p2a: Victini
|-hint|A Pokemon can't switch between when it runs out of HP and when it faints
|
|-heal|p1a: Snorlax|69/100|[from] item: Leftovers
|upkeep
|
|t:|1630736163
|switch|p2a: Flygon|Flygon, F|100/100
|turn|16
|
|t:|1630736173
|move|p1a: Snorlax|Protect|p1a: Snorlax
|-singleturn|p1a: Snorlax|Protect
|move|p2a: Flygon|Outrage|p1a: Snorlax
|-activate|p1a: Snorlax|move: Protect
|
|-heal|p1a: Snorlax|75/100|[from] item: Leftovers
|upkeep
|turn|17
|inactive|LpZ IV has 120 seconds left.
|
|t:|1630736196
|move|p2a: Flygon|Outrage|p1a: Snorlax
|-damage|p1a: Snorlax|6/100
|move|p1a: Snorlax|Body Slam|p2a: Flygon
|-damage|p2a: Flygon|47/100
|
|-heal|p1a: Snorlax|12/100|[from] item: Leftovers
|upkeep
|turn|18
|inactive|LpZ IV has 120 seconds left.
|j|+vivalospride
|inactive|LpZ IV has 90 seconds left.
|
|t:|1630736241
|move|p2a: Flygon|Outrage|p1a: Snorlax|[from]lockedmove
|-damage|p1a: Snorlax|0 fnt
|faint|p1a: Snorlax
|
|upkeep
|
|t:|1630736246
|switch|p1a: Virizion|Virizion|76/100
|-damage|p1a: Virizion|70/100|[from] Stealth Rock
|turn|19
|
|t:|1630736251
|move|p1a: Virizion|Close Combat|p2a: Flygon
|-damage|p2a: Flygon|0 fnt
|-unboost|p1a: Virizion|def|1
|-unboost|p1a: Virizion|spd|1
|faint|p2a: Flygon
|
|upkeep
|
|t:|1630736256
|switch|p2a: Zapdos|Zapdos|100/100
|-ability|p2a: Zapdos|Pressure
|turn|20
|inactive|LpZ IV has 90 seconds left.
|
|t:|1630736289
|switch|p1a: Zapdos|Zapdos|100/100 par
|-damage|p1a: Zapdos|76/100 par|[from] Stealth Rock
|-ability|p1a: Zapdos|Pressure
|move|p2a: Zapdos|Thunderbolt|p1a: Zapdos
|-damage|p1a: Zapdos|3/100 par
|-damage|p2a: Zapdos|91/100|[from] item: Life Orb
|
|-heal|p1a: Zapdos|9/100 par|[from] item: Leftovers
|upkeep
|turn|21
|
|t:|1630736293
|move|p2a: Zapdos|Thunderbolt|p1a: Zapdos
|-damage|p1a: Zapdos|0 fnt
|faint|p1a: Zapdos
|-damage|p2a: Zapdos|81/100|[from] item: Life Orb
|
|upkeep
|j| blce
|inactive|LpZ IV has 90 seconds left.
|
|t:|1630736306
|switch|p1a: Victini|Victini|100/100
|-damage|p1a: Victini|76/100|[from] Stealth Rock
|turn|22
|inactive|LpZ IV has 90 seconds left.
|
|t:|1630736312
|switch|p2a: Blastoise|Blastoise, F|100/100
|move|p1a: Victini|Blue Flare|p2a: Blastoise
|-resisted|p2a: Blastoise
|-damage|p2a: Blastoise|71/100
|
|-heal|p2a: Blastoise|78/100|[from] item: Leftovers
|upkeep
|turn|23
|
|t:|1630736316
|move|p1a: Victini|Grass Knot|p2a: Blastoise
|-supereffective|p2a: Blastoise
|-damage|p2a: Blastoise|32/100
|move|p2a: Blastoise|Scald|p1a: Victini
|-supereffective|p1a: Victini
|-damage|p1a: Victini|0 fnt
|faint|p1a: Victini
|
|-heal|p2a: Blastoise|38/100|[from] item: Leftovers
|upkeep
|
|t:|1630736321
|switch|p1a: Virizion|Virizion|70/100
|-damage|p1a: Virizion|64/100|[from] Stealth Rock
|turn|24
|
|t:|1630736325
|move|p1a: Virizion|Leaf Blade|p2a: Blastoise
|-supereffective|p2a: Blastoise
|-damage|p2a: Blastoise|0 fnt
|faint|p2a: Blastoise
|
|upkeep
|
|t:|1630736328
|switch|p2a: Zapdos|Zapdos|81/100
|-ability|p2a: Zapdos|Pressure
|turn|25
|inactive|LpZ IV has 120 seconds left.
|
|t:|1630736362
|move|p1a: Virizion|Stone Edge|p2a: Zapdos
|-supereffective|p2a: Zapdos
|-damage|p2a: Zapdos|15/100
|move|p2a: Zapdos|Heat Wave|p1a: Virizion
|-supereffective|p1a: Virizion
|-damage|p1a: Virizion|0 fnt
|faint|p1a: Virizion
|-damage|p2a: Zapdos|5/100|[from] item: Life Orb
|
|upkeep
|j| burstbean
|
|t:|1630736365
|switch|p1a: Cofagrigus|Cofagrigus, L99, F|100/100
|-damage|p1a: Cofagrigus|88/100|[from] Stealth Rock
|turn|26
|
|t:|1630736372
|move|p2a: Zapdos|Thunderbolt|p1a: Cofagrigus
|-damage|p1a: Cofagrigus|16/100
|-damage|p2a: Zapdos|0 fnt|[from] item: Life Orb
|faint|p2a: Zapdos
|move|p1a: Cofagrigus|Trick Room|p1a: Cofagrigus
|-fieldstart|move: Trick Room|[of] p1a: Cofagrigus
|
|-heal|p1a: Cofagrigus|22/100|[from] item: Leftovers
|upkeep
|
|t:|1630736374
|switch|p2a: Umbreon|Umbreon, F|68/100 par
|turn|27
|
|t:|1630736378
|move|p2a: Umbreon|Foul Play|p1a: Cofagrigus
|-supereffective|p1a: Cofagrigus
|-damage|p1a: Cofagrigus|0 fnt
|-activate|p1a: Cofagrigus|ability: Mummy|Synchronize|[of] p2a: Umbreon
|faint|p1a: Cofagrigus
|
|win|trace
|c|☆LpZ IV|gg
|c|☆trace|gg
|l| uu9t ohmygod
|l| Beraldinhoo
|l| Sahki
|l| DrakeyTT
