|j|☆Argon657
|j|☆theSmoothD.no
|t:|1643844337
|gametype|singles
|player|p1|Argon657|steven|1216
|player|p2|theSmoothD.no|unknownf|1094
|teamsize|p1|6
|teamsize|p2|6
|gen|5
|tier|[Gen 5] OU
|rated|
|rule|Species Clause: Limit one of each Pokémon
|rule|OHKO Clause: OHKO moves are banned
|rule|Moody Clause: Moody is banned
|rule|Evasion Moves Clause: Evasion moves are banned
|rule|Endless Battle Clause: Forcing endless battles is banned
|rule|HP Percentage Mod: HP is shown in percentages
|rule|Evasion Abilities Clause: Evasion abilities are banned
|rule|Sleep Clause: Sleep-inducing moves are banned
|rule|Swagger Clause: Swagger is banned
|clearpoke
|poke|p1|Heatran, M|item
|poke|p1|Magnezone|item
|poke|p1|Snorlax, M|item
|poke|p1|Sableye, M|item
|poke|p1|Starmie|item
|poke|p1|Weavile, M|item
|poke|p2|Slowking, F|item
|poke|p2|Sableye, F|item
|poke|p2|Lucario, F|item
|poke|p2|Landorus-Therian, M|item
|poke|p2|Clefairy, M|item
|poke|p2|Espeon, F|item
|teampreview
|inactive|Battle timer is ON: inactive players will automatically lose when time's up. (requested by theSmoothD.no)
|
|t:|1643844361
|start
|switch|p1a: Jack|Weavile, M|100/100
|switch|p2a: Lucario|Lucario, F|100/100
|-ability|p1a: Jack|Pressure
|turn|1
|
|t:|1643844385
|switch|p1a: Nightmare|Sableye, M|100/100
|move|p2a: Lucario|High Jump Kick|p1a: Nightmare
|-immune|p1a: Nightmare
|-damage|p2a: Lucario|50/100|[from] highjumpkick
|
|upkeep
|turn|2
|
|t:|1643844400
|switch|p2a: Espeon|Espeon, F|100/100
|switch|p1a: Jack|Weavile, M|100/100
|-ability|p1a: Jack|Pressure
|
|upkeep
|turn|3
|
|t:|1643844410
|switch|p2a: Landorus|Landorus-Therian, M|100/100
|-ability|p2a: Landorus|Intimidate|boost
|-unboost|p1a: Jack|atk|1
|move|p1a: Jack|Ice Punch|p2a: Landorus
|-supereffective|p2a: Landorus
|-damage|p2a: Landorus|0 fnt
|faint|p2a: Landorus
|
|upkeep
|inactive|theSmoothD.no has 120 seconds left.
|
|t:|1643844438
|switch|p2a: Sableye|Sableye, F|100/100
|turn|4
|
|t:|1643844442
|switch|p1a: Spitfire|Heatran, M|100/100
|move|p2a: Sableye|Will-O-Wisp|p1a: Spitfire
|-start|p1a: Spitfire|ability: Flash Fire
|
|upkeep
|turn|5
|inactive|theSmoothD.no has 120 seconds left.
|
|t:|1643844451
|switch|p2a: Slowking|Slowking, F|100/100
|move|p1a: Spitfire|Lava Plume|p2a: Slowking
|-resisted|p2a: Slowking
|-damage|p2a: Slowking|78/100
|
|-heal|p2a: Slowking|84/100|[from] item: Leftovers
|upkeep
|turn|6
|
|t:|1643844460
|move|p1a: Spitfire|Lava Plume|p2a: Slowking
|-resisted|p2a: Slowking
|-damage|p2a: Slowking|62/100
|-status|p2a: Slowking|brn
|move|p2a: Slowking|Trick Room|p2a: Slowking
|-fieldstart|move: Trick Room|[of] p2a: Slowking
|
|-heal|p2a: Slowking|68/100 brn|[from] item: Leftovers
|-damage|p2a: Slowking|55/100 brn|[from] brn
|upkeep
|turn|7
|
|t:|1643844470
|move|p2a: Slowking|Surf|p1a: Spitfire
|-supereffective|p1a: Spitfire
|-damage|p1a: Spitfire|49/100
|move|p1a: Spitfire|Stealth Rock|p2a: Slowking
|-sidestart|p2: theSmoothD.no|move: Stealth Rock
|
|-heal|p2a: Slowking|61/100 brn|[from] item: Leftovers
|-heal|p1a: Spitfire|55/100|[from] item: Leftovers
|-damage|p2a: Slowking|49/100 brn|[from] brn
|upkeep
|turn|8
|
|t:|1643844484
|move|p1a: Spitfire|Protect|p1a: Spitfire
|-singleturn|p1a: Spitfire|Protect
|move|p2a: Slowking|Surf|p1a: Spitfire
|-activate|p1a: Spitfire|move: Protect
|
|-heal|p2a: Slowking|55/100 brn|[from] item: Leftovers
|-heal|p1a: Spitfire|61/100|[from] item: Leftovers
|-damage|p2a: Slowking|43/100 brn|[from] brn
|upkeep
|turn|9
|
|t:|1643844493
|-end|p1a: Spitfire|ability: Flash Fire|[silent]
|switch|p1a: Starbucks|Starmie|100/100
|move|p2a: Slowking|Surf|p1a: Starbucks
|-resisted|p1a: Starbucks
|-damage|p1a: Starbucks|71/100
|
|-heal|p2a: Slowking|49/100 brn|[from] item: Leftovers
|-heal|p1a: Starbucks|78/100|[from] item: Leftovers
|-damage|p2a: Slowking|36/100 brn|[from] brn
|upkeep
|turn|10
|
|t:|1643844503
|move|p2a: Slowking|Thunder Wave|p1a: Starbucks
|-status|p1a: Starbucks|par
|move|p1a: Starbucks|Recover|p1a: Starbucks
|-heal|p1a: Starbucks|100/100 par
|
|-heal|p2a: Slowking|42/100 brn|[from] item: Leftovers
|-damage|p2a: Slowking|30/100 brn|[from] brn
|-fieldend|move: Trick Room
|upkeep
|turn|11
|inactive|theSmoothD.no has 120 seconds left.
|
|t:|1643844530
|-curestatus|p1a: Starbucks|par|[from] ability: Natural Cure
|switch|p1a: UFO|Magnezone|100/100
|move|p2a: Slowking|Ice Beam|p1a: UFO
|-resisted|p1a: UFO
|-damage|p1a: UFO|81/100
|
|-heal|p2a: Slowking|36/100 brn|[from] item: Leftovers
|-damage|p2a: Slowking|24/100 brn|[from] brn
|upkeep
|turn|12
|inactive|theSmoothD.no has 120 seconds left.
|
|t:|1643844544
|move|p1a: UFO|Thunderbolt|p2a: Slowking
|-supereffective|p2a: Slowking
|-damage|p2a: Slowking|0 fnt
|faint|p2a: Slowking
|
|upkeep
|inactive|theSmoothD.no has 120 seconds left.
|
|t:|1643844552
|switch|p2a: Clefairy|Clefairy, M|100/100
|turn|13
|
|t:|1643844556
|move|p1a: UFO|Thunderbolt|p2a: Clefairy
|-damage|p2a: Clefairy|42/100
|move|p2a: Clefairy|Calm Mind|p2a: Clefairy
|-boost|p2a: Clefairy|spa|1
|-boost|p2a: Clefairy|spd|1
|
|upkeep
|turn|14
|
|t:|1643844565
|switch|p1a: Spitfire|Heatran, M|61/100
|move|p2a: Clefairy|Soft-Boiled|p2a: Clefairy
|-heal|p2a: Clefairy|92/100
|
|-heal|p1a: Spitfire|67/100|[from] item: Leftovers
|upkeep
|turn|15
|inactive|theSmoothD.no has 120 seconds left.
|
|t:|1643844608
|move|p2a: Clefairy|Calm Mind|p2a: Clefairy
|-boost|p2a: Clefairy|spa|1
|-boost|p2a: Clefairy|spd|1
|move|p1a: Spitfire|Roar|p2a: Clefairy
|drag|p2a: Lucario|Lucario, F|50/100
|-damage|p2a: Lucario|48/100|[from] Stealth Rock
|
|-heal|p1a: Spitfire|74/100|[from] item: Leftovers
|upkeep
|turn|16
|
|t:|1643844624
|move|p1a: Spitfire|Protect|p1a: Spitfire
|-singleturn|p1a: Spitfire|Protect
|move|p2a: Lucario|Swords Dance|p2a: Lucario
|-boost|p2a: Lucario|atk|2
|
|-heal|p1a: Spitfire|80/100|[from] item: Leftovers
|upkeep
|turn|17
|
|t:|1643844635
|switch|p1a: Nightmare|Sableye, M|100/100
|move|p2a: Lucario|Ice Punch|p1a: Nightmare
|-damage|p1a: Nightmare|52/100
|
|-heal|p1a: Nightmare|59/100|[from] item: Leftovers
|upkeep
|turn|18
|
|t:|1643844643
|move|p1a: Nightmare|Recover|p1a: Nightmare
|-heal|p1a: Nightmare|100/100
|move|p2a: Lucario|Ice Punch|p1a: Nightmare
|-damage|p1a: Nightmare|51/100
|
|-heal|p1a: Nightmare|58/100|[from] item: Leftovers
|upkeep
|turn|19
|
|t:|1643844653
|move|p1a: Nightmare|Will-O-Wisp|p2a: Lucario
|-status|p2a: Lucario|brn
|move|p2a: Lucario|Swords Dance|p2a: Lucario
|-boost|p2a: Lucario|atk|2
|
|-heal|p1a: Nightmare|64/100|[from] item: Leftovers
|-damage|p2a: Lucario|35/100 brn|[from] brn
|upkeep
|turn|20
|
|t:|1643844661
|move|p1a: Nightmare|Recover|p1a: Nightmare
|-heal|p1a: Nightmare|100/100
|move|p2a: Lucario|Ice Punch|p1a: Nightmare
|-damage|p1a: Nightmare|66/100
|
|-heal|p1a: Nightmare|72/100|[from] item: Leftovers
|-damage|p2a: Lucario|23/100 brn|[from] brn
|upkeep
|turn|21
|inactive|theSmoothD.no has 120 seconds left.
|
|t:|1643844670
|move|p2a: Lucario|Swords Dance|p2a: Lucario
|-boost|p2a: Lucario|atk|2
|move|p1a: Nightmare|Night Shade|p2a: Lucario
|-damage|p2a: Lucario|0 fnt
|faint|p2a: Lucario
|
|-heal|p1a: Nightmare|78/100|[from] item: Leftovers
|upkeep
|inactive|theSmoothD.no has 120 seconds left.
|
|t:|1643844685
|switch|p2a: Clefairy|Clefairy, M|92/100
|turn|22
|
|t:|1643844688
|move|p1a: Nightmare|Taunt|p2a: Clefairy
|-start|p2a: Clefairy|move: Taunt
|cant|p2a: Clefairy|move: Taunt|Toxic
|
|-heal|p1a: Nightmare|85/100|[from] item: Leftovers
|upkeep
|turn|23
|
|t:|1643844694
|move|p1a: Nightmare|Night Shade|p2a: Clefairy
|-immune|p2a: Clefairy
|move|p2a: Clefairy|Fire Blast|p1a: Nightmare
|-damage|p1a: Nightmare|55/100
|-status|p1a: Nightmare|brn
|
|-heal|p1a: Nightmare|61/100 brn|[from] item: Leftovers
|-damage|p1a: Nightmare|49/100 brn|[from] brn
|upkeep
|turn|24
|
|t:|1643844711
|switch|p2a: Espeon|Espeon, F|100/100
|-damage|p2a: Espeon|88/100|[from] Stealth Rock
|move|p1a: Nightmare|Recover|p1a: Nightmare
|-heal|p1a: Nightmare|99/100 brn
|
|-heal|p1a: Nightmare|100/100 brn|[from] item: Leftovers
|-damage|p1a: Nightmare|88/100 brn|[from] brn
|upkeep
|turn|25
|
|t:|1643844724
|move|p2a: Espeon|Shadow Ball|p1a: Nightmare
|-damage|p1a: Nightmare|39/100 brn
|move|p1a: Nightmare|Night Shade|p2a: Espeon
|-damage|p2a: Espeon|51/100
|
|-heal|p1a: Nightmare|46/100 brn|[from] item: Leftovers
|-damage|p1a: Nightmare|33/100 brn|[from] brn
|upkeep
|turn|26
|
|t:|1643844733
|switch|p1a: Jack|Weavile, M|100/100
|-ability|p1a: Jack|Pressure
|move|p2a: Espeon|Shadow Ball|p1a: Jack
|-resisted|p1a: Jack
|-damage|p1a: Jack|78/100
|
|upkeep
|turn|27
|
|t:|1643844744
|switch|p2a: Sableye|Sableye, F|100/100
|-damage|p2a: Sableye|88/100|[from] Stealth Rock
|move|p1a: Jack|Ice Punch|p2a: Sableye
|-damage|p2a: Sableye|38/100
|
|-heal|p2a: Sableye|44/100|[from] item: Leftovers
|upkeep
|turn|28
|
|t:|1643844757
|switch|p1a: Spitfire|Heatran, M|80/100
|move|p2a: Sableye|Recover|p2a: Sableye
|-heal|p2a: Sableye|94/100
|
|-heal|p1a: Spitfire|86/100|[from] item: Leftovers
|-heal|p2a: Sableye|99/100|[from] item: Leftovers
|upkeep
|turn|29
|
|t:|1643844765
|move|p2a: Sableye|Taunt|p1a: Spitfire
|-start|p1a: Spitfire|move: Taunt
|move|p1a: Spitfire|Lava Plume|p2a: Sableye
|-damage|p2a: Sableye|50/100
|-status|p2a: Sableye|brn
|
|-heal|p1a: Spitfire|92/100|[from] item: Leftovers
|-heal|p2a: Sableye|56/100 brn|[from] item: Leftovers
|-damage|p2a: Sableye|44/100 brn|[from] brn
|upkeep
|turn|30
|
|t:|1643844778
|switch|p1a: UFO|Magnezone|81/100
|switch|p2a: Espeon|Espeon, F|51/100
|-damage|p2a: Espeon|39/100|[from] Stealth Rock
|
|upkeep
|turn|31
|
|t:|1643844794
|switch|p1a: Spitfire|Heatran, M|92/100
|move|p2a: Espeon|Hidden Power|p1a: Spitfire
|-supereffective|p1a: Spitfire
|-damage|p1a: Spitfire|55/100
|
|-heal|p1a: Spitfire|62/100|[from] item: Leftovers
|upkeep
|turn|32
|
|t:|1643844806
|move|p2a: Espeon|Hidden Power|p1a: Spitfire
|-supereffective|p1a: Spitfire
|-damage|p1a: Spitfire|23/100
|move|p1a: Spitfire|Lava Plume|p2a: Espeon
|-damage|p2a: Espeon|0 fnt
|faint|p2a: Espeon
|
|-heal|p1a: Spitfire|29/100|[from] item: Leftovers
|upkeep
|
|t:|1643844818
|switch|p2a: Sableye|Sableye, F|44/100 brn
|-damage|p2a: Sableye|31/100 brn|[from] Stealth Rock
|turn|33
|
|t:|1643844822
|move|p1a: Spitfire|Lava Plume|p2a: Sableye
|-damage|p2a: Sableye|0 fnt
|faint|p2a: Sableye
|
|-heal|p1a: Spitfire|35/100|[from] item: Leftovers
|upkeep
|
|t:|1643844828
|switch|p2a: Clefairy|Clefairy, M|92/100
|turn|34
|-message|theSmoothD.no forfeited.
|
|win|Argon657
|raw|Argon657's rating: 1216 &rarr; <strong>1233</strong><br />(+17 for winning)
|raw|theSmoothD.no's rating: 1094 &rarr; <strong>1078</strong><br />(-16 for losing)
|l|☆theSmoothD.no
