|j|☆Nwaah47
|j|☆vemquevemtranquilo
|t:|1644092872
|gametype|singles
|player|p1|Nwaah47|tuberf|1069
|player|p2|vemquevemtranquilo|265|1133
|teamsize|p1|6
|teamsize|p2|6
|gen|5
|tier|[Gen 5] OU
|rated|
|rule|Species Clause: Limit one of each Pokémon
|rule|OHKO Clause: OHKO moves are banned
|rule|Moody Clause: Moody is banned
|rule|Evasion Moves Clause: Evasion moves are banned
|rule|Endless Battle Clause: Forcing endless battles is banned
|rule|HP Percentage Mod: HP is shown in percentages
|rule|Evasion Abilities Clause: Evasion abilities are banned
|rule|Sleep Clause: Sleep-inducing moves are banned
|rule|Swagger Clause: Swagger is banned
|clearpoke
|poke|p1|Azumarill, F|item
|poke|p1|Galvantula, F|item
|poke|p1|Slowbro, F|item
|poke|p1|Mamoswine, F|item
|poke|p1|Honchkrow, F|item
|poke|p1|Magmortar, F|item
|poke|p2|Porygon-Z|item
|poke|p2|Cresselia, F|item
|poke|p2|Excadrill, F|item
|poke|p2|Victini|item
|poke|p2|Celebi|item
|poke|p2|Gyarados, F|item
|teampreview
|c|☆vemquevemtranquilo|kkkk
|c|☆Nwaah47|oh hey
|c|☆vemquevemtranquilo|hello
|c|☆Nwaah47|round 2 then
|
|t:|1644092899
|start
|switch|p1a: Scarlet|Galvantula, F|100/100
|switch|p2a: Excadrill|Excadrill, F|100/100
|-ability|p2a: Excadrill|Mold Breaker
|turn|1
|
|t:|1644092907
|move|p1a: Scarlet|Giga Drain|p2a: Excadrill
|-damage|p2a: Excadrill|70/100
|move|p2a: Excadrill|Earthquake|p1a: Scarlet
|-damage|p1a: Scarlet|22/100
|
|-heal|p1a: Scarlet|28/100|[from] item: Leftovers
|upkeep
|turn|2
|
|t:|1644092915
|switch|p1a: Vito|Honchkrow, F|100/100
|move|p2a: Excadrill|Earthquake|p1a: Vito
|-immune|p1a: Vito
|
|upkeep
|turn|3
|
|t:|1644092927
|move|p2a: Excadrill|Rock Tomb|p1a: Vito
|-supereffective|p1a: Vito
|-damage|p1a: Vito|51/100
|-unboost|p1a: Vito|spe|1
|move|p1a: Vito|Superpower|p2a: Excadrill
|-supereffective|p2a: Excadrill
|-damage|p2a: Excadrill|0 fnt
|-unboost|p1a: Vito|atk|1
|-unboost|p1a: Vito|def|1
|faint|p2a: Excadrill
|-ability|p1a: Vito|Moxie|boost
|-boost|p1a: Vito|atk|1
|-damage|p1a: Vito|41/100|[from] item: Life Orb
|
|upkeep
|
|t:|1644092961
|switch|p2a: Porygon-Z|Porygon-Z|100/100
|-ability|p2a: Porygon-Z|Download|boost
|-boost|p2a: Porygon-Z|atk|1
|turn|4
|
|t:|1644092973
|switch|p1a: Momma|Azumarill, F|100/100
|move|p2a: Porygon-Z|Tri Attack|p1a: Momma
|-damage|p1a: Momma|33/100
|-damage|p2a: Porygon-Z|91/100|[from] item: Life Orb
|
|upkeep
|turn|5
|
|t:|1644092986
|move|p1a: Momma|Aqua Jet|p2a: Porygon-Z
|-damage|p2a: Porygon-Z|29/100
|move|p2a: Porygon-Z|Tri Attack|p1a: Momma
|-damage|p1a: Momma|0 fnt
|faint|p1a: Momma
|-damage|p2a: Porygon-Z|19/100|[from] item: Life Orb
|
|upkeep
|
|t:|1644092994
|switch|p1a: Scarlet|Galvantula, F|28/100
|turn|6
|
|t:|1644093006
|switch|p2a: Victini|Victini|100/100
|move|p1a: Scarlet|Electroweb|p2a: Victini
|-damage|p2a: Victini|76/100
|-unboost|p2a: Victini|spe|1
|
|-heal|p1a: Scarlet|34/100|[from] item: Leftovers
|upkeep
|turn|7
|
|t:|1644093017
|move|p2a: Victini|U-turn|p1a: Scarlet
|-damage|p1a: Scarlet|0 fnt
|faint|p1a: Scarlet
|
|t:|1644093025
|switch|p2a: Porygon-Z|Porygon-Z|19/100|[from]move: U-turn
|
|upkeep
|c|☆Nwaah47|he choice speed?
|
|t:|1644093030
|switch|p1a: Daddy|Mamoswine, F|100/100
|turn|8
|
|t:|1644093040
|move|p1a: Daddy|Ice Shard|p2a: Porygon-Z
|-damage|p2a: Porygon-Z|0 fnt
|faint|p2a: Porygon-Z
|-damage|p1a: Daddy|91/100|[from] item: Life Orb
|
|upkeep
|
|t:|1644093046
|switch|p2a: Gyarados|Gyarados, F|100/100
|turn|9
|
|t:|1644093054
|move|p2a: Gyarados|Substitute|p2a: Gyarados
|-start|p2a: Gyarados|Substitute
|-damage|p2a: Gyarados|76/100
|move|p1a: Daddy|Icicle Crash|p2a: Gyarados
|-end|p2a: Gyarados|Substitute
|-damage|p1a: Daddy|81/100|[from] item: Life Orb
|
|upkeep
|turn|10
|
|t:|1644093061
|move|p2a: Gyarados|Dragon Dance|p2a: Gyarados
|-boost|p2a: Gyarados|atk|1
|-boost|p2a: Gyarados|spe|1
|move|p1a: Daddy|Icicle Crash|p2a: Gyarados
|-damage|p2a: Gyarados|3/100
|-enditem|p2a: Gyarados|Red Card|[of] p1a: Daddy
|-damage|p1a: Daddy|71/100|[from] item: Life Orb
|drag|p1a: Vito|Honchkrow, F|41/100
|
|upkeep
|turn|11
|
|t:|1644093072
|move|p1a: Vito|Sucker Punch|p2a: Gyarados
|-damage|p2a: Gyarados|0 fnt
|faint|p2a: Gyarados
|-ability|p1a: Vito|Moxie|boost
|-boost|p1a: Vito|atk|1
|-damage|p1a: Vito|31/100|[from] item: Life Orb
|
|upkeep
|
|t:|1644093080
|switch|p2a: Victini|Victini|76/100
|turn|12
|
|t:|1644093084
|move|p2a: Victini|U-turn|p1a: Vito
|-damage|p1a: Vito|0 fnt
|faint|p1a: Vito
|
|t:|1644093092
|switch|p2a: Cresselia|Cresselia, F|100/100|[from]move: U-turn
|
|upkeep
|
|t:|1644093099
|switch|p1a: Artillery|Magmortar, F|100/100
|turn|13
|
|t:|1644093108
|move|p2a: Cresselia|Protect|p2a: Cresselia
|-singleturn|p2a: Cresselia|Protect
|move|p1a: Artillery|Fire Blast|p2a: Cresselia
|-activate|p2a: Cresselia|move: Protect
|
|upkeep
|turn|14
|
|t:|1644093115
|move|p1a: Artillery|Fire Blast|p2a: Cresselia
|-damage|p2a: Cresselia|58/100
|move|p2a: Cresselia|Toxic|p1a: Artillery|[miss]
|-miss|p2a: Cresselia|p1a: Artillery
|
|-heal|p2a: Cresselia|64/100|[from] item: Leftovers
|upkeep
|turn|15
|
|t:|1644093134
|move|p2a: Cresselia|Protect|p2a: Cresselia
|-singleturn|p2a: Cresselia|Protect
|move|p1a: Artillery|Fire Blast|p2a: Cresselia
|-activate|p2a: Cresselia|move: Protect
|
|-heal|p2a: Cresselia|71/100|[from] item: Leftovers
|upkeep
|turn|16
|
|t:|1644093142
|move|p1a: Artillery|Fire Blast|p2a: Cresselia
|-damage|p2a: Cresselia|30/100
|move|p2a: Cresselia|Moonlight|p2a: Cresselia
|-heal|p2a: Cresselia|80/100
|
|-heal|p2a: Cresselia|86/100|[from] item: Leftovers
|upkeep
|turn|17
|
|t:|1644093154
|move|p1a: Artillery|Thunderbolt|p2a: Cresselia
|-damage|p2a: Cresselia|63/100
|move|p2a: Cresselia|Toxic|p1a: Artillery
|-status|p1a: Artillery|tox
|
|-heal|p2a: Cresselia|69/100|[from] item: Leftovers
|-damage|p1a: Artillery|94/100 tox|[from] psn
|upkeep
|turn|18
|
|t:|1644093163
|move|p2a: Cresselia|Protect|p2a: Cresselia
|-singleturn|p2a: Cresselia|Protect
|move|p1a: Artillery|Fire Blast|p2a: Cresselia
|-activate|p2a: Cresselia|move: Protect
|
|-heal|p2a: Cresselia|75/100|[from] item: Leftovers
|-damage|p1a: Artillery|82/100 tox|[from] psn
|upkeep
|turn|19
|
|t:|1644093177
|switch|p1a: Daddy|Mamoswine, F|71/100
|move|p2a: Cresselia|Moonlight|p2a: Cresselia
|-heal|p2a: Cresselia|100/100
|
|upkeep
|turn|20
|
|t:|1644093187
|move|p1a: Daddy|Icicle Crash|p2a: Cresselia
|-damage|p2a: Cresselia|70/100
|-damage|p1a: Daddy|61/100|[from] item: Life Orb
|cant|p2a: Cresselia|flinch
|
|-heal|p2a: Cresselia|76/100|[from] item: Leftovers
|upkeep
|turn|21
|
|t:|1644093196
|move|p1a: Daddy|Icicle Crash|p2a: Cresselia
|-damage|p2a: Cresselia|43/100
|-damage|p1a: Daddy|51/100|[from] item: Life Orb
|move|p2a: Cresselia|Toxic|p1a: Daddy|[miss]
|-miss|p2a: Cresselia|p1a: Daddy
|
|-heal|p2a: Cresselia|49/100|[from] item: Leftovers
|upkeep
|turn|22
|c|☆vemquevemtranquilo|hax ever
|
|t:|1644093209
|move|p2a: Cresselia|Protect|p2a: Cresselia
|-singleturn|p2a: Cresselia|Protect
|move|p1a: Daddy|Icicle Crash|p2a: Cresselia
|-activate|p2a: Cresselia|move: Protect
|
|-heal|p2a: Cresselia|55/100|[from] item: Leftovers
|upkeep
|turn|23
|
|t:|1644093217
|move|p1a: Daddy|Icicle Crash|p2a: Cresselia
|-damage|p2a: Cresselia|26/100
|-damage|p1a: Daddy|41/100|[from] item: Life Orb
|cant|p2a: Cresselia|flinch
|
|-heal|p2a: Cresselia|32/100|[from] item: Leftovers
|upkeep
|turn|24
|
|t:|1644093224
|move|p2a: Cresselia|Protect|p2a: Cresselia
|-singleturn|p2a: Cresselia|Protect
|move|p1a: Daddy|Icicle Crash|p2a: Cresselia
|-activate|p2a: Cresselia|move: Protect
|
|-heal|p2a: Cresselia|38/100|[from] item: Leftovers
|upkeep
|turn|25
|
|t:|1644093233
|move|p1a: Daddy|Icicle Crash|p2a: Cresselia|[miss]
|-miss|p1a: Daddy|p2a: Cresselia
|move|p2a: Cresselia|Moonlight|p2a: Cresselia
|-heal|p2a: Cresselia|88/100
|
|-heal|p2a: Cresselia|94/100|[from] item: Leftovers
|upkeep
|turn|26
|
|t:|1644093241
|move|p1a: Daddy|Icicle Crash|p2a: Cresselia
|-damage|p2a: Cresselia|62/100
|-damage|p1a: Daddy|31/100|[from] item: Life Orb
|move|p2a: Cresselia|Toxic|p1a: Daddy
|-status|p1a: Daddy|tox
|
|-heal|p2a: Cresselia|68/100|[from] item: Leftovers
|-damage|p1a: Daddy|25/100 tox|[from] psn
|upkeep
|turn|27
|
|t:|1644093250
|move|p2a: Cresselia|Protect|p2a: Cresselia
|-singleturn|p2a: Cresselia|Protect
|move|p1a: Daddy|Icicle Crash|p2a: Cresselia
|-activate|p2a: Cresselia|move: Protect
|
|-heal|p2a: Cresselia|74/100|[from] item: Leftovers
|-damage|p1a: Daddy|12/100 tox|[from] psn
|upkeep
|turn|28
|
|t:|1644093259
|move|p1a: Daddy|Icicle Crash|p2a: Cresselia
|-damage|p2a: Cresselia|40/100
|-damage|p1a: Daddy|2/100 tox|[from] item: Life Orb
|cant|p2a: Cresselia|flinch
|
|-heal|p2a: Cresselia|46/100|[from] item: Leftovers
|-damage|p1a: Daddy|0 fnt|[from] psn
|faint|p1a: Daddy
|upkeep
|
|t:|1644093273
|switch|p1a: Joachim|Slowbro, F|100/100
|turn|29
|
|t:|1644093278
|move|p2a: Cresselia|Moonlight|p2a: Cresselia
|-heal|p2a: Cresselia|96/100
|move|p1a: Joachim|Surf|p2a: Cresselia
|-damage|p2a: Cresselia|58/100
|-damage|p1a: Joachim|91/100|[from] item: Life Orb
|
|-heal|p2a: Cresselia|64/100|[from] item: Leftovers
|upkeep
|turn|30
|
|t:|1644093289
|move|p2a: Cresselia|Toxic|p1a: Joachim
|-status|p1a: Joachim|tox
|move|p1a: Joachim|Psyshock|p2a: Cresselia
|-resisted|p2a: Cresselia
|-damage|p2a: Cresselia|52/100
|-damage|p1a: Joachim|81/100 tox|[from] item: Life Orb
|
|-heal|p2a: Cresselia|58/100|[from] item: Leftovers
|-damage|p1a: Joachim|75/100 tox|[from] psn
|upkeep
|turn|31
|c|☆Nwaah47|gg
|
|t:|1644093305
|move|p2a: Cresselia|Moonlight|p2a: Cresselia
|-heal|p2a: Cresselia|100/100
|move|p1a: Joachim|Surf|p2a: Cresselia
|-damage|p2a: Cresselia|65/100
|-damage|p1a: Joachim|65/100 tox|[from] item: Life Orb
|
|-heal|p2a: Cresselia|71/100|[from] item: Leftovers
|-damage|p1a: Joachim|53/100 tox|[from] psn
|upkeep
|turn|32
|
|t:|1644093315
|move|p2a: Cresselia|Protect|p2a: Cresselia
|-singleturn|p2a: Cresselia|Protect
|move|p1a: Joachim|Trick Room|p1a: Joachim
|-fieldstart|move: Trick Room|[of] p1a: Joachim
|
|-heal|p2a: Cresselia|77/100|[from] item: Leftovers
|-damage|p1a: Joachim|34/100 tox|[from] psn
|upkeep
|turn|33
|
|t:|1644093324
|move|p2a: Cresselia|Protect|p2a: Cresselia
|-singleturn|p2a: Cresselia|Protect
|move|p1a: Joachim|Surf|p2a: Cresselia
|-activate|p2a: Cresselia|move: Protect
|
|-heal|p2a: Cresselia|83/100|[from] item: Leftovers
|-damage|p1a: Joachim|9/100 tox|[from] psn
|upkeep
|turn|34
|
|t:|1644093333
|move|p1a: Joachim|Surf|p2a: Cresselia
|-damage|p2a: Cresselia|46/100
|-damage|p1a: Joachim|0 fnt|[from] item: Life Orb
|faint|p1a: Joachim
|move|p2a: Cresselia|Moonlight|p2a: Cresselia
|-heal|p2a: Cresselia|96/100
|
|-heal|p2a: Cresselia|100/100|[from] item: Leftovers
|upkeep
|
|t:|1644093341
|switch|p1a: Artillery|Magmortar, F|82/100 tox
|turn|35
|
|t:|1644093346
|move|p2a: Cresselia|Protect|p2a: Cresselia
|-singleturn|p2a: Cresselia|Protect
|move|p1a: Artillery|Fire Blast|p2a: Cresselia
|-activate|p2a: Cresselia|move: Protect
|
|-damage|p1a: Artillery|76/100 tox|[from] psn
|upkeep
|turn|36
|-message|Nwaah47 forfeited.
|
|win|vemquevemtranquilo
|raw|Nwaah47's rating: 1069 &rarr; <strong>1052</strong><br />(-17 for losing)
|raw|vemquevemtranquilo's rating: 1133 &rarr; <strong>1153</strong><br />(+20 for winning)
|l|☆Nwaah47
