|j|☆Weeb Guil
|j|☆IcyFlares
|t:|1644117593
|gametype|singles
|player|p1|Weeb Guil|jasmine|
|player|p2|IcyFlares|steven|
|teamsize|p1|6
|teamsize|p2|6
|gen|5
|tier|[Gen 5] OU
|rule|Species Clause: Limit one of each Pokémon
|rule|OHKO Clause: OHKO moves are banned
|rule|Moody Clause: Moody is banned
|rule|Evasion Moves Clause: Evasion moves are banned
|rule|Endless Battle Clause: Forcing endless battles is banned
|rule|HP Percentage Mod: HP is shown in percentages
|rule|Evasion Abilities Clause: Evasion abilities are banned
|rule|Sleep Clause: Sleep-inducing moves are banned
|rule|Swagger Clause: Swagger is banned
|clearpoke
|poke|p1|Alakazam, M|item
|poke|p1|Skarmory, F|item
|poke|p1|Chansey, F|item
|poke|p1|Slowking, M|item
|poke|p1|Gliscor, M|item
|poke|p1|Excadrill, F|item
|poke|p2|Ferrothorn, M|item
|poke|p2|Excadrill, F|item
|poke|p2|Conkeldurr, F|item
|poke|p2|Dragonite, F|item
|poke|p2|Cloyster, F|item
|poke|p2|Alakazam, M|item
|teampreview
|
|t:|1644117618
|start
|switch|p1a: Skarmory|Skarmory, F|100/100
|switch|p2a: Ferrothorn|Ferrothorn, M|100/100
|turn|1
|
|t:|1644117623
|move|p1a: Skarmory|Spikes|p2a: Ferrothorn
|-sidestart|p2: IcyFlares|Spikes
|move|p2a: Ferrothorn|Spikes|p1a: Skarmory
|-sidestart|p1: Weeb Guil|Spikes
|
|upkeep
|turn|2
|
|t:|1644117627
|move|p1a: Skarmory|Spikes|p2a: Ferrothorn
|-sidestart|p2: IcyFlares|Spikes
|move|p2a: Ferrothorn|Spikes|p1a: Skarmory
|-sidestart|p1: Weeb Guil|Spikes
|
|upkeep
|turn|3
|
|t:|1644117643
|move|p1a: Skarmory|Spikes|p2a: Ferrothorn
|-sidestart|p2: IcyFlares|Spikes
|move|p2a: Ferrothorn|Spikes|p1a: Skarmory
|-sidestart|p1: Weeb Guil|Spikes
|
|upkeep
|turn|4
|
|t:|1644117660
|move|p2a: Ferrothorn|Leech Seed|p1a: Skarmory
|-start|p1a: Skarmory|move: Leech Seed
|move|p1a: Skarmory|Whirlwind|p2a: Ferrothorn
|drag|p2a: Cloyster|Cloyster, F|100/100
|-damage|p2a: Cloyster|76/100|[from] Spikes
|
|-damage|p1a: Skarmory|88/100|[from] Leech Seed|[of] p2a: Cloyster
|-heal|p2a: Cloyster|92/100|[silent]
|upkeep
|turn|5
|
|t:|1644117671
|move|p2a: Cloyster|Shell Smash|p2a: Cloyster
|-unboost|p2a: Cloyster|def|1
|-unboost|p2a: Cloyster|spd|1
|-boost|p2a: Cloyster|atk|2
|-boost|p2a: Cloyster|spa|2
|-boost|p2a: Cloyster|spe|2
|-enditem|p2a: Cloyster|White Herb
|-clearnegativeboost|p2a: Cloyster|[silent]
|move|p1a: Skarmory|Whirlwind|p2a: Cloyster
|drag|p2a: Dragonite|Dragonite, F|100/100
|
|-heal|p1a: Skarmory|94/100|[from] item: Leftovers
|-damage|p1a: Skarmory|82/100|[from] Leech Seed|[of] p2a: Dragonite
|upkeep
|turn|6
|
|t:|1644117684
|switch|p1a: Slowking|Slowking, M|100/100
|-damage|p1a: Slowking|76/100|[from] Spikes
|move|p2a: Dragonite|Substitute|p2a: Dragonite
|-start|p2a: Dragonite|Substitute
|-damage|p2a: Dragonite|76/100
|
|-heal|p2a: Dragonite|82/100|[from] item: Leftovers
|-heal|p1a: Slowking|82/100|[from] item: Leftovers
|upkeep
|turn|7
|
|t:|1644117729
|switch|p1a: Skarmory|Skarmory, F|82/100
|move|p2a: Dragonite|Dragon Dance|p2a: Dragonite
|-boost|p2a: Dragonite|atk|1
|-boost|p2a: Dragonite|spe|1
|
|-heal|p2a: Dragonite|88/100|[from] item: Leftovers
|-heal|p1a: Skarmory|88/100|[from] item: Leftovers
|upkeep
|turn|8
|
|t:|1644117737
|move|p2a: Dragonite|Dragon Dance|p2a: Dragonite
|-boost|p2a: Dragonite|atk|1
|-boost|p2a: Dragonite|spe|1
|move|p1a: Skarmory|Whirlwind|p2a: Dragonite
|drag|p2a: Excadrill|Excadrill, F|100/100
|-damage|p2a: Excadrill|76/100|[from] Spikes
|-ability|p2a: Excadrill|Mold Breaker
|
|-heal|p2a: Excadrill|82/100|[from] item: Leftovers
|-heal|p1a: Skarmory|94/100|[from] item: Leftovers
|upkeep
|turn|9
|
|t:|1644117783
|switch|p1a: Gliscor|Gliscor, M|100/100
|move|p2a: Excadrill|Rapid Spin|p1a: Gliscor
|-damage|p1a: Gliscor|97/100
|-sideend|p2: IcyFlares|Spikes|[from] move: Rapid Spin|[of] p2a: Excadrill
|
|-heal|p2a: Excadrill|88/100|[from] item: Leftovers
|-status|p1a: Gliscor|tox|[from] item: Toxic Orb
|upkeep
|turn|10
|
|t:|1644117790
|move|p2a: Excadrill|Protect|p2a: Excadrill
|-singleturn|p2a: Excadrill|Protect
|move|p1a: Gliscor|Taunt|p2a: Excadrill
|-activate|p2a: Excadrill|move: Protect
|
|-heal|p2a: Excadrill|94/100|[from] item: Leftovers
|-heal|p1a: Gliscor|100/100 tox|[from] ability: Poison Heal
|upkeep
|turn|11
|
|t:|1644117799
|switch|p2a: Conkeldurr|Conkeldurr, F|100/100
|move|p1a: Gliscor|Taunt|p2a: Conkeldurr
|-start|p2a: Conkeldurr|move: Taunt
|
|upkeep
|turn|12
|
|t:|1644117806
|move|p1a: Gliscor|Protect|p1a: Gliscor
|-singleturn|p1a: Gliscor|Protect
|move|p2a: Conkeldurr|Ice Punch|p1a: Gliscor
|-activate|p1a: Gliscor|move: Protect
|
|upkeep
|turn|13
|
|t:|1644117812
|switch|p1a: Skarmory|Skarmory, F|94/100
|move|p2a: Conkeldurr|Drain Punch|p1a: Skarmory
|-damage|p1a: Skarmory|57/100
|-damage|p2a: Conkeldurr|91/100|[from] item: Life Orb
|
|-heal|p1a: Skarmory|63/100|[from] item: Leftovers
|-end|p2a: Conkeldurr|move: Taunt
|upkeep
|turn|14
|
|t:|1644117822
|move|p1a: Skarmory|Brave Bird|p2a: Conkeldurr
|-supereffective|p2a: Conkeldurr
|-damage|p2a: Conkeldurr|29/100
|-damage|p1a: Skarmory|39/100|[from] Recoil
|move|p2a: Conkeldurr|Thunder Punch|p1a: Skarmory
|-supereffective|p1a: Skarmory
|-damage|p1a: Skarmory|0 fnt
|faint|p1a: Skarmory
|
|upkeep
|
|t:|1644117837
|switch|p1a: Gliscor|Gliscor, M|100/100 tox
|turn|15
|
|t:|1644117854
|switch|p2a: Ferrothorn|Ferrothorn, M|100/100
|move|p1a: Gliscor|Earthquake|p2a: Ferrothorn
|-damage|p2a: Ferrothorn|78/100
|
|-heal|p2a: Ferrothorn|84/100|[from] item: Leftovers
|upkeep
|turn|16
|
|t:|1644117860
|move|p1a: Gliscor|Taunt|p2a: Ferrothorn
|-start|p2a: Ferrothorn|move: Taunt
|cant|p2a: Ferrothorn|move: Taunt|Leech Seed
|
|-heal|p2a: Ferrothorn|91/100|[from] item: Leftovers
|upkeep
|turn|17
|
|t:|1644117894
|move|p1a: Gliscor|Earthquake|p2a: Ferrothorn
|-damage|p2a: Ferrothorn|68/100
|move|p2a: Ferrothorn|Knock Off|p1a: Gliscor
|-damage|p1a: Gliscor|97/100 tox
|-enditem|p1a: Gliscor|Toxic Orb|[from] move: Knock Off|[of] p2a: Ferrothorn
|
|-heal|p2a: Ferrothorn|74/100|[from] item: Leftovers
|-heal|p1a: Gliscor|100/100 tox|[from] ability: Poison Heal
|upkeep
|turn|18
|
|t:|1644117920
|move|p1a: Gliscor|Earthquake|p2a: Ferrothorn
|-damage|p2a: Ferrothorn|49/100
|move|p2a: Ferrothorn|Gyro Ball|p1a: Gliscor
|-damage|p1a: Gliscor|66/100 tox
|
|-heal|p2a: Ferrothorn|56/100|[from] item: Leftovers
|-heal|p1a: Gliscor|79/100 tox|[from] ability: Poison Heal
|-end|p2a: Ferrothorn|move: Taunt
|upkeep
|turn|19
|
|t:|1644117988
|switch|p2a: Dragonite|Dragonite, F|88/100
|move|p1a: Gliscor|Protect||[still]
|-fail|p1a: Gliscor
|
|-heal|p2a: Dragonite|94/100|[from] item: Leftovers
|-heal|p1a: Gliscor|91/100 tox|[from] ability: Poison Heal
|upkeep
|turn|20
|
|t:|1644117996
|move|p1a: Gliscor|Taunt|p2a: Dragonite
|-start|p2a: Dragonite|move: Taunt
|cant|p2a: Dragonite|move: Taunt|Dragon Dance
|
|-heal|p2a: Dragonite|100/100|[from] item: Leftovers
|-heal|p1a: Gliscor|100/100 tox|[from] ability: Poison Heal
|upkeep
|turn|21
|
|t:|1644118004
|move|p1a: Gliscor|Aerial Ace|p2a: Dragonite
|-damage|p2a: Dragonite|91/100
|move|p2a: Dragonite|Dragon Claw|p1a: Gliscor
|-damage|p1a: Gliscor|76/100 tox
|
|-heal|p2a: Dragonite|97/100|[from] item: Leftovers
|-heal|p1a: Gliscor|89/100 tox|[from] ability: Poison Heal
|upkeep
|turn|22
|
|t:|1644118024
|switch|p2a: Conkeldurr|Conkeldurr, F|29/100
|move|p1a: Gliscor|Aerial Ace|p2a: Conkeldurr
|-supereffective|p2a: Conkeldurr
|-damage|p2a: Conkeldurr|0 fnt
|faint|p2a: Conkeldurr
|
|-heal|p1a: Gliscor|100/100 tox|[from] ability: Poison Heal
|upkeep
|
|t:|1644118028
|switch|p2a: Cloyster|Cloyster, F|92/100
|turn|23
|
|t:|1644118053
|switch|p1a: Chansey|Chansey, F|100/100
|-damage|p1a: Chansey|76/100|[from] Spikes
|move|p2a: Cloyster|Ice Shard|p1a: Chansey
|-damage|p1a: Chansey|64/100
|
|upkeep
|turn|24
|
|t:|1644118091
|move|p2a: Cloyster|Shell Smash|p2a: Cloyster
|-unboost|p2a: Cloyster|def|1
|-unboost|p2a: Cloyster|spd|1
|-boost|p2a: Cloyster|atk|2
|-boost|p2a: Cloyster|spa|2
|-boost|p2a: Cloyster|spe|2
|move|p1a: Chansey|Seismic Toss|p2a: Cloyster
|-damage|p2a: Cloyster|51/100
|
|upkeep
|turn|25
|
|t:|1644118137
|move|p2a: Cloyster|Icicle Spear|p1a: Chansey
|-damage|p1a: Chansey|51/100
|-damage|p1a: Chansey|37/100
|-damage|p1a: Chansey|24/100
|-crit|p1a: Chansey
|-damage|p1a: Chansey|0 fnt
|faint|p1a: Chansey
|-hitcount|p1: Chansey|4
|
|upkeep
|
|t:|1644118141
|switch|p1a: Alakazam|Alakazam, M|100/100
|turn|26
|
|t:|1644118147
|move|p2a: Cloyster|Ice Shard|p1a: Alakazam
|-damage|p1a: Alakazam|18/100
|move|p1a: Alakazam|Shadow Ball|p2a: Cloyster
|-crit|p2a: Cloyster
|-damage|p2a: Cloyster|0 fnt
|faint|p2a: Cloyster
|
|upkeep
|
|t:|1644118164
|switch|p2a: Alakazam|Alakazam, M|100/100
|turn|27
|
|t:|1644118167
|move|p2a: Alakazam|Shadow Ball|p1a: Alakazam
|-supereffective|p1a: Alakazam
|-damage|p1a: Alakazam|0 fnt
|faint|p1a: Alakazam
|
|upkeep
|
|t:|1644118178
|switch|p1a: Excadrill|Excadrill, F|100/100
|-damage|p1a: Excadrill|76/100|[from] Spikes
|-ability|p1a: Excadrill|Mold Breaker
|turn|28
|
|t:|1644118184
|move|p1a: Excadrill|Protect|p1a: Excadrill
|-singleturn|p1a: Excadrill|Protect
|move|p2a: Alakazam|Focus Blast|p1a: Excadrill
|-activate|p1a: Excadrill|move: Protect
|
|-heal|p1a: Excadrill|82/100|[from] item: Leftovers
|upkeep
|turn|29
|
|t:|1644118191
|move|p2a: Alakazam|Focus Blast|p1a: Excadrill|[miss]
|-miss|p2a: Alakazam|p1a: Excadrill
|move|p1a: Excadrill|Rapid Spin|p2a: Alakazam
|-damage|p2a: Alakazam|84/100
|-sideend|p1: Weeb Guil|Spikes|[from] move: Rapid Spin|[of] p1a: Excadrill
|
|-heal|p1a: Excadrill|88/100|[from] item: Leftovers
|upkeep
|turn|30
|
|t:|1644118198
|switch|p1a: Slowking|Slowking, M|100/100
|move|p2a: Alakazam|Shadow Ball|p1a: Slowking
|-supereffective|p1a: Slowking
|-damage|p1a: Slowking|38/100
|-unboost|p1a: Slowking|spd|1
|
|-heal|p1a: Slowking|45/100|[from] item: Leftovers
|upkeep
|turn|31
|
|t:|1644118207
|switch|p1a: Excadrill|Excadrill, F|88/100
|-ability|p1a: Excadrill|Mold Breaker
|move|p2a: Alakazam|Shadow Ball|p1a: Excadrill
|-resisted|p1a: Excadrill
|-damage|p1a: Excadrill|74/100
|
|-heal|p1a: Excadrill|80/100|[from] item: Leftovers
|upkeep
|turn|32
|
|t:|1644118217
|move|p2a: Alakazam|Focus Blast|p1a: Excadrill
|-supereffective|p1a: Excadrill
|-damage|p1a: Excadrill|0 fnt
|faint|p1a: Excadrill
|
|upkeep
|
|t:|1644118220
|switch|p1a: Slowking|Slowking, M|78/100
|turn|33
|
|t:|1644118237
|move|p2a: Alakazam|Thunder Wave|p1a: Slowking
|-status|p1a: Slowking|par
|cant|p1a: Slowking|par
|
|-heal|p1a: Slowking|84/100 par|[from] item: Leftovers
|upkeep
|turn|34
|
|t:|1644118322
|move|p2a: Alakazam|Shadow Ball|p1a: Slowking
|-supereffective|p1a: Slowking
|-damage|p1a: Slowking|29/100 par
|move|p1a: Slowking|Thunder Wave|p2a: Alakazam
|-status|p2a: Alakazam|par
|
|-heal|p1a: Slowking|35/100 par|[from] item: Leftovers
|upkeep
|turn|35
|
|t:|1644118336
|switch|p1a: Gliscor|Gliscor, M|100/100 tox
|move|p2a: Alakazam|Shadow Ball|p1a: Gliscor
|-damage|p1a: Gliscor|54/100 tox
|
|-heal|p1a: Gliscor|66/100 tox|[from] ability: Poison Heal
|upkeep
|turn|36
|
|t:|1644118353
|move|p1a: Gliscor|Earthquake|p2a: Alakazam
|-damage|p2a: Alakazam|0 fnt
|faint|p2a: Alakazam
|
|-heal|p1a: Gliscor|79/100 tox|[from] ability: Poison Heal
|upkeep
|
|t:|1644118372
|switch|p2a: Dragonite|Dragonite, F|97/100
|turn|37
|
|t:|1644118374
|move|p1a: Gliscor|Taunt|p2a: Dragonite
|-start|p2a: Dragonite|move: Taunt
|move|p2a: Dragonite|Dragon Claw|p1a: Gliscor
|-damage|p1a: Gliscor|54/100 tox
|
|-heal|p2a: Dragonite|100/100|[from] item: Leftovers
|-heal|p1a: Gliscor|66/100 tox|[from] ability: Poison Heal
|upkeep
|turn|38
|
|t:|1644118424
|move|p1a: Gliscor|Protect|p1a: Gliscor
|-singleturn|p1a: Gliscor|Protect
|move|p2a: Dragonite|Dragon Claw|p1a: Gliscor
|-activate|p1a: Gliscor|move: Protect
|
|-heal|p1a: Gliscor|79/100 tox|[from] ability: Poison Heal
|upkeep
|turn|39
|
|t:|1644118429
|move|p1a: Gliscor|Aerial Ace|p2a: Dragonite
|-damage|p2a: Dragonite|91/100
|move|p2a: Dragonite|Dragon Claw|p1a: Gliscor
|-damage|p1a: Gliscor|53/100 tox
|
|-heal|p2a: Dragonite|97/100|[from] item: Leftovers
|-heal|p1a: Gliscor|66/100 tox|[from] ability: Poison Heal
|-end|p2a: Dragonite|move: Taunt
|upkeep
|turn|40
|
|t:|1644118441
|move|p1a: Gliscor|Aerial Ace|p2a: Dragonite
|-damage|p2a: Dragonite|80/100
|move|p2a: Dragonite|Dragon Claw|p1a: Gliscor
|-crit|p1a: Gliscor
|-damage|p1a: Gliscor|14/100 tox
|
|-heal|p2a: Dragonite|86/100|[from] item: Leftovers
|-heal|p1a: Gliscor|27/100 tox|[from] ability: Poison Heal
|upkeep
|turn|41
|
|t:|1644118445
|move|p1a: Gliscor|Protect|p1a: Gliscor
|-singleturn|p1a: Gliscor|Protect
|move|p2a: Dragonite|Dragon Claw|p1a: Gliscor
|-activate|p1a: Gliscor|move: Protect
|
|-heal|p2a: Dragonite|92/100|[from] item: Leftovers
|-heal|p1a: Gliscor|39/100 tox|[from] ability: Poison Heal
|upkeep
|turn|42
|
|t:|1644118448
|move|p1a: Gliscor|Aerial Ace|p2a: Dragonite
|-damage|p2a: Dragonite|75/100
|move|p2a: Dragonite|Substitute|p2a: Dragonite
|-start|p2a: Dragonite|Substitute
|-damage|p2a: Dragonite|50/100
|
|-heal|p2a: Dragonite|56/100|[from] item: Leftovers
|-heal|p1a: Gliscor|52/100 tox|[from] ability: Poison Heal
|upkeep
|turn|43
|
|t:|1644118453
|move|p1a: Gliscor|Taunt|p2a: Dragonite
|-start|p2a: Dragonite|move: Taunt
|cant|p2a: Dragonite|move: Taunt|Dragon Dance
|
|-heal|p2a: Dragonite|62/100|[from] item: Leftovers
|-heal|p1a: Gliscor|64/100 tox|[from] ability: Poison Heal
|upkeep
|turn|44
|
|t:|1644118460
|move|p1a: Gliscor|Protect|p1a: Gliscor
|-singleturn|p1a: Gliscor|Protect
|move|p2a: Dragonite|Dragon Claw|p1a: Gliscor
|-activate|p1a: Gliscor|move: Protect
|
|-heal|p2a: Dragonite|68/100|[from] item: Leftovers
|-heal|p1a: Gliscor|77/100 tox|[from] ability: Poison Heal
|upkeep
|turn|45
|
|t:|1644118520
|move|p1a: Gliscor|Aerial Ace|p2a: Dragonite
|-activate|p2a: Dragonite|Substitute|[damage]
|move|p2a: Dragonite|Dragon Claw|p1a: Gliscor
|-damage|p1a: Gliscor|51/100 tox
|
|-heal|p2a: Dragonite|75/100|[from] item: Leftovers
|-heal|p1a: Gliscor|64/100 tox|[from] ability: Poison Heal
|-end|p2a: Dragonite|move: Taunt
|upkeep
|turn|46
|
|t:|1644118524
|move|p1a: Gliscor|Aerial Ace|p2a: Dragonite
|-end|p2a: Dragonite|Substitute
|move|p2a: Dragonite|Dragon Dance|p2a: Dragonite
|-boost|p2a: Dragonite|atk|1
|-boost|p2a: Dragonite|spe|1
|
|-heal|p2a: Dragonite|81/100|[from] item: Leftovers
|-heal|p1a: Gliscor|76/100 tox|[from] ability: Poison Heal
|upkeep
|turn|47
|
|t:|1644118538
|move|p2a: Dragonite|Dragon Dance|p2a: Dragonite
|-boost|p2a: Dragonite|atk|1
|-boost|p2a: Dragonite|spe|1
|move|p1a: Gliscor|Aerial Ace|p2a: Dragonite
|-crit|p2a: Dragonite
|-damage|p2a: Dragonite|44/100
|
|-heal|p2a: Dragonite|50/100|[from] item: Leftovers
|-heal|p1a: Gliscor|89/100 tox|[from] ability: Poison Heal
|upkeep
|turn|48
|
|t:|1644118546
|move|p2a: Dragonite|Roost|p2a: Dragonite
|-heal|p2a: Dragonite|99/100
|-singleturn|p2a: Dragonite|move: Roost
|move|p1a: Gliscor|Aerial Ace|p2a: Dragonite
|-damage|p2a: Dragonite|82/100
|
|-heal|p2a: Dragonite|89/100|[from] item: Leftovers
|-heal|p1a: Gliscor|100/100 tox|[from] ability: Poison Heal
|upkeep
|turn|49
|-message|Weeb Guil forfeited.
|
|win|IcyFlares
