|j|☆franky ntilikina
|j|☆sacred for top 10
|t:|1642476125
|gametype|singles
|player|p1|franky ntilikina|cyclist-gen4|
|player|p2|sacred for top 10|thorton|
|teamsize|p1|6
|teamsize|p2|6
|gen|5
|tier|[Gen 5] NU
|rated|Tournament battle
|rule|Species Clause: Limit one of each Pokémon
|rule|OHKO Clause: OHKO moves are banned
|rule|Moody Clause: Moody is banned
|rule|Evasion Moves Clause: Evasion moves are banned
|rule|Endless Battle Clause: Forcing endless battles is banned
|rule|HP Percentage Mod: HP is shown in percentages
|rule|Evasion Abilities Clause: Evasion abilities are banned
|rule|Swagger Clause: Swagger is banned
|rule|Baton Pass Clause: Limit one Baton Passer, can't pass Spe and other stats simultaneously
|rule|Sleep Clause Mod: Limit one foe put to sleep
|clearpoke
|poke|p1|Golem, F|item
|poke|p1|Garbodor, F|item
|poke|p1|Frillish, F|item
|poke|p1|Braviary, M|item
|poke|p1|Sawk, M|item
|poke|p1|Kangaskhan, F|item
|poke|p2|Alomomola, M|item
|poke|p2|Ludicolo, M|item
|poke|p2|Eelektross, F|item
|poke|p2|Basculin, F|item
|poke|p2|Electrode|item
|poke|p2|Gorebyss, M|item
|teampreview
|j| BB-8-NU
|j| CB AARON JUDGE
|j| Arch en Ciel 22
|j| potato14798
|c|☆sacred for top 10|un oh frillish
|
|t:|1642476144
|start
|switch|p1a: HOT|Kangaskhan, F|100/100
|switch|p2a: Electrode|Electrode|100/100
|turn|1
|
|t:|1642476153
|move|p1a: HOT|Fake Out|p2a: Electrode
|-damage|p2a: Electrode|70/100
|cant|p2a: Electrode|flinch
|
|upkeep
|turn|2
|
|t:|1642476156
|move|p2a: Electrode|Toxic|p1a: HOT
|-status|p1a: HOT|tox
|move|p1a: HOT|Earthquake|p2a: Electrode
|-supereffective|p2a: Electrode
|-damage|p2a: Electrode|0 fnt
|faint|p2a: Electrode
|
|-damage|p1a: HOT|95/100 tox|[from] psn
|upkeep
|
|t:|1642476170
|switch|p2a: Gorebyss|Gorebyss, M|100/100
|turn|3
|j|+TDR
|
|t:|1642476176
|switch|p2a: Eelektross|Eelektross, F|100/100
|move|p1a: HOT|Double-Edge|p2a: Eelektross
|-damage|p2a: Eelektross|39/100
|-damage|p1a: HOT|73/100 tox|[from] Recoil
|
|-damage|p1a: HOT|61/100 tox|[from] psn
|upkeep
|turn|4
|j| Metallica126
|c|☆sacred for top 10|alright nice missclick
|
|t:|1642476191
|move|p1a: HOT|Double-Edge|p2a: Eelektross
|-damage|p2a: Eelektross|0 fnt
|faint|p2a: Eelektross
|-damage|p1a: HOT|48/100 tox|[from] Recoil
|
|-damage|p1a: HOT|30/100 tox|[from] psn
|upkeep
|
|t:|1642476195
|switch|p2a: Alomomola|Alomomola, M|100/100
|turn|5
|
|t:|1642476199
|switch|p1a: WTF|Garbodor, F|100/100
|move|p2a: Alomomola|Rain Dance|p2a: Alomomola
|-weather|RainDance
|
|-weather|RainDance|[upkeep]
|upkeep
|turn|6
|
|t:|1642476204
|move|p1a: WTF|Spikes|p2a: Alomomola
|-sidestart|p2: sacred for top 10|Spikes
|move|p2a: Alomomola|Scald|p1a: WTF
|-damage|p1a: WTF|78/100
|-status|p1a: WTF|brn
|
|-weather|RainDance|[upkeep]
|-damage|p1a: WTF|66/100 brn|[from] brn
|upkeep
|turn|7
|
|t:|1642476210
|switch|p2a: Gorebyss|Gorebyss, M|100/100
|-damage|p2a: Gorebyss|88/100|[from] Spikes
|move|p1a: WTF|Spikes|p2a: Gorebyss
|-sidestart|p2: sacred for top 10|Spikes
|
|-weather|RainDance|[upkeep]
|-damage|p1a: WTF|54/100 brn|[from] brn
|upkeep
|turn|8
|
|t:|1642476216
|move|p2a: Gorebyss|Shell Smash|p2a: Gorebyss
|-unboost|p2a: Gorebyss|def|1
|-unboost|p2a: Gorebyss|spd|1
|-boost|p2a: Gorebyss|atk|2
|-boost|p2a: Gorebyss|spa|2
|-boost|p2a: Gorebyss|spe|2
|-enditem|p2a: Gorebyss|White Herb
|-clearnegativeboost|p2a: Gorebyss|[silent]
|move|p1a: WTF|Explosion|p2a: Gorebyss
|-damage|p2a: Gorebyss|51/100
|faint|p1a: WTF
|
|-weather|RainDance|[upkeep]
|upkeep
|l| Metallica126
|
|t:|1642476223
|switch|p1a: HOT|Kangaskhan, F|30/100 tox
|turn|9
|
|t:|1642476227
|move|p1a: HOT|Fake Out|p2a: Gorebyss
|-damage|p2a: Gorebyss|22/100
|cant|p2a: Gorebyss|flinch
|
|-weather|RainDance|[upkeep]
|-damage|p1a: HOT|24/100 tox|[from] psn
|upkeep
|turn|10
|
|t:|1642476236
|switch|p1a: Momentum Killer|Frillish, F|100/100
|move|p2a: Gorebyss|Ice Beam|p1a: Momentum Killer
|-resisted|p1a: Momentum Killer
|-damage|p1a: Momentum Killer|81/100
|
|-weather|RainDance|[upkeep]
|upkeep
|turn|11
|
|t:|1642476242
|move|p2a: Gorebyss|Hidden Power|p1a: Momentum Killer
|-supereffective|p1a: Momentum Killer
|-damage|p1a: Momentum Killer|22/100
|move|p1a: Momentum Killer|Scald|p2a: Gorebyss
|-resisted|p2a: Gorebyss
|-damage|p2a: Gorebyss|0 fnt
|faint|p2a: Gorebyss
|
|-weather|RainDance|[upkeep]
|upkeep
|
|t:|1642476248
|switch|p2a: Ludicolo|Ludicolo, M|100/100
|-damage|p2a: Ludicolo|84/100|[from] Spikes
|turn|12
|
|t:|1642476254
|move|p2a: Ludicolo|Giga Drain|p1a: Momentum Killer
|-supereffective|p1a: Momentum Killer
|-damage|p1a: Momentum Killer|0 fnt
|-heal|p2a: Ludicolo|95/100|[from] drain|[of] p1a: Momentum Killer
|faint|p1a: Momentum Killer
|
|-weather|none
|-heal|p2a: Ludicolo|100/100|[from] item: Leftovers
|upkeep
|
|t:|1642476257
|switch|p1a: Sock|Sawk, M|100/100
|-ability|p1a: Sock|Mold Breaker
|turn|13
|
|t:|1642476260
|move|p1a: Sock|Close Combat|p2a: Ludicolo
|-damage|p2a: Ludicolo|0 fnt
|-unboost|p1a: Sock|def|1
|-unboost|p1a: Sock|spd|1
|faint|p2a: Ludicolo
|
|upkeep
|
|t:|1642476263
|switch|p2a: Alomomola|Alomomola, M|100/100
|-damage|p2a: Alomomola|84/100|[from] Spikes
|turn|14
|c|☆sacred for top 10|cmon basculin
|
|t:|1642476270
|move|p1a: Sock|Close Combat|p2a: Alomomola
|-damage|p2a: Alomomola|38/100
|-unboost|p1a: Sock|def|1
|-unboost|p1a: Sock|spd|1
|move|p2a: Alomomola|Rain Dance|p2a: Alomomola
|-weather|RainDance
|
|-weather|RainDance|[upkeep]
|upkeep
|turn|15
|
|t:|1642476274
|move|p1a: Sock|Close Combat|p2a: Alomomola
|-damage|p2a: Alomomola|0 fnt
|-unboost|p1a: Sock|def|1
|-unboost|p1a: Sock|spd|1
|faint|p2a: Alomomola
|
|-weather|RainDance|[upkeep]
|upkeep
|
|t:|1642476276
|switch|p2a: Basculin|Basculin, F|100/100
|-damage|p2a: Basculin|84/100|[from] Spikes
|turn|16
|
|t:|1642476280
|move|p2a: Basculin|Waterfall|p1a: Sock
|-damage|p1a: Sock|0 fnt
|faint|p1a: Sock
|
|-weather|RainDance|[upkeep]
|upkeep
|
|t:|1642476285
|switch|p1a: HOT|Kangaskhan, F|24/100 tox
|turn|17
|
|t:|1642476288
|move|p1a: HOT|Fake Out|p2a: Basculin
|-damage|p2a: Basculin|50/100
|cant|p2a: Basculin|flinch
|
|-weather|RainDance|[upkeep]
|-damage|p1a: HOT|18/100 tox|[from] psn
|upkeep
|turn|18
|
|t:|1642476292
|switch|p1a: Bird|Braviary, M|100/100
|move|p2a: Basculin|Waterfall|p1a: Bird
|-damage|p1a: Bird|0 fnt
|faint|p1a: Bird
|
|-weather|RainDance|[upkeep]
|upkeep
|
|t:|1642476294
|switch|p1a: HOT|Kangaskhan, F|18/100 tox
|turn|19
|
|t:|1642476296
|move|p1a: HOT|Fake Out|p2a: Basculin
|-damage|p2a: Basculin|17/100
|cant|p2a: Basculin|flinch
|
|-weather|RainDance|[upkeep]
|-damage|p1a: HOT|12/100 tox|[from] psn
|upkeep
|turn|20
|
|t:|1642476302
|switch|p1a: Mornin'|Golem, F|100/100
|move|p2a: Basculin|Waterfall|p1a: Mornin'
|-supereffective|p1a: Mornin'
|-ability|p1a: Mornin'|Sturdy
|-damage|p1a: Mornin'|1/100
|
|-weather|RainDance|[upkeep]
|upkeep
|turn|21
|-enditem|p1a: Mornin'|Custap Berry|[eat]
|-activate|p1a: Mornin'|item: Custap Berry|[consumed]
|
|t:|1642476306
|move|p1a: Mornin'|Sucker Punch|p2a: Basculin
|-damage|p2a: Basculin|0 fnt
|faint|p2a: Basculin
|
|win|franky ntilikina
|n|☆franky ntilikina|frankyntilikina
|n|☆sacred for top 10|sacredfortop10
|n| BB-8-NU|bb8nu
|n| CB AARON JUDGE|cbaaronjudge
|n| Arch en Ciel 22|archenciel22
|n| potato14798|potato14798
|n| TDR|tdr
