|j|☆Constantinusrex
|j|☆PotatoMine1
|t:|1644138719
|gametype|singles
|player|p1|Constantinusrex|170|1341
|player|p2|PotatoMine1|101|1490
|teamsize|p1|6
|teamsize|p2|6
|gen|5
|tier|[Gen 5] OU
|rated|
|rule|Species Clause: Limit one of each Pokémon
|rule|OHKO Clause: OHKO moves are banned
|rule|Moody Clause: Moody is banned
|rule|Evasion Moves Clause: Evasion moves are banned
|rule|Endless Battle Clause: Forcing endless battles is banned
|rule|HP Percentage Mod: HP is shown in percentages
|rule|Evasion Abilities Clause: Evasion abilities are banned
|rule|Sleep Clause: Sleep-inducing moves are banned
|rule|Swagger Clause: Swagger is banned
|clearpoke
|poke|p1|Metagross|item
|poke|p1|Kyurem-Black|item
|poke|p1|Latios, M|item
|poke|p1|Magnezone|item
|poke|p1|Dragonite, M|item
|poke|p1|Garchomp, M|item
|poke|p2|Alakazam, M|item
|poke|p2|Landorus-Therian, M|item
|poke|p2|Ferrothorn, F|item
|poke|p2|Jellicent, M|item
|poke|p2|Heatran, M|item
|poke|p2|Latios, M|item
|teampreview
|inactive|Battle timer is ON: inactive players will automatically lose when time's up. (requested by Constantinusrex)
|
|t:|1644138734
|start
|switch|p1a: Kyurem|Kyurem-Black|100/100
|switch|p2a: Heatran|Heatran, M|100/100
|-ability|p1a: Kyurem|Teravolt
|turn|1
|
|t:|1644138738
|move|p1a: Kyurem|Fusion Bolt|p2a: Heatran
|-damage|p2a: Heatran|42/100
|move|p2a: Heatran|Magma Storm|p1a: Kyurem|[miss]
|-miss|p2a: Heatran|p1a: Kyurem
|
|-heal|p2a: Heatran|48/100|[from] item: Leftovers
|upkeep
|turn|2
|inactive|PotatoMine1 has 120 seconds left.
|
|t:|1644138775
|move|p1a: Kyurem|Fusion Bolt|p2a: Heatran
|-damage|p2a: Heatran|0 fnt
|faint|p2a: Heatran
|
|upkeep
|
|t:|1644138780
|switch|p2a: Alakazam|Alakazam, M|100/100
|turn|3
|
|t:|1644138783
|switch|p1a: Metagross|Metagross|100/100
|move|p2a: Alakazam|Focus Blast|p1a: Metagross
|-damage|p1a: Metagross|71/100
|
|-heal|p1a: Metagross|77/100|[from] item: Leftovers
|upkeep
|turn|4
|
|t:|1644138788
|-activate|p2a: Alakazam|move: Pursuit
|move|p1a: Metagross|Pursuit|p2a: Alakazam|[from]Pursuit
|-supereffective|p2a: Alakazam
|-enditem|p2a: Alakazam|Focus Sash
|-damage|p2a: Alakazam|1/100
|switch|p2a: Landorus|Landorus-Therian, M|100/100
|-ability|p2a: Landorus|Intimidate|boost
|-fail|p1a: Metagross|unboost|[from] ability: Clear Body|[of] p1a: Metagross
|
|-heal|p1a: Metagross|83/100|[from] item: Leftovers
|upkeep
|turn|5
|
|t:|1644138808
|switch|p1a: Garchomp|Garchomp, M|100/100
|move|p2a: Landorus|Earthquake|p1a: Garchomp
|-damage|p1a: Garchomp|51/100
|
|upkeep
|turn|6
|
|t:|1644138819
|switch|p1a: Latios|Latios, M|100/100
|move|p2a: Landorus|Hidden Power|p1a: Latios
|-supereffective|p1a: Latios
|-crit|p1a: Latios
|-damage|p1a: Latios|31/100
|
|upkeep
|turn|7
|
|t:|1644138825
|switch|p2a: Ferrothorn|Ferrothorn, F|100/100
|move|p1a: Latios|Draco Meteor|p2a: Ferrothorn
|-resisted|p2a: Ferrothorn
|-damage|p2a: Ferrothorn|75/100
|-unboost|p1a: Latios|spa|2
|
|-heal|p2a: Ferrothorn|82/100|[from] item: Leftovers
|upkeep
|turn|8
|
|t:|1644138828
|switch|p1a: Magnezone|Magnezone|100/100
|-item|p1a: Magnezone|Air Balloon
|switch|p2a: Landorus|Landorus-Therian, M|100/100
|-ability|p2a: Landorus|Intimidate|boost
|-unboost|p1a: Magnezone|atk|1
|
|upkeep
|turn|9
|
|t:|1644138834
|switch|p1a: Kyurem|Kyurem-Black|100/100
|-ability|p1a: Kyurem|Teravolt
|move|p2a: Landorus|U-turn|p1a: Kyurem
|-damage|p1a: Kyurem|83/100
|
|t:|1644138839
|switch|p2a: Latios|Latios, M|100/100|[from]move: U-turn
|
|upkeep
|turn|10
|
|t:|1644138845
|switch|p1a: Metagross|Metagross|83/100
|move|p2a: Latios|Draco Meteor|p1a: Metagross
|-resisted|p1a: Metagross
|-damage|p1a: Metagross|58/100
|-unboost|p2a: Latios|spa|2
|
|-heal|p1a: Metagross|64/100|[from] item: Leftovers
|upkeep
|turn|11
|
|t:|1644138850
|-activate|p2a: Latios|move: Pursuit
|move|p1a: Metagross|Pursuit|p2a: Latios|[from]Pursuit
|-supereffective|p2a: Latios
|-damage|p2a: Latios|37/100
|switch|p2a: Landorus|Landorus-Therian, M|100/100
|-ability|p2a: Landorus|Intimidate|boost
|-fail|p1a: Metagross|unboost|[from] ability: Clear Body|[of] p1a: Metagross
|
|-heal|p1a: Metagross|70/100|[from] item: Leftovers
|upkeep
|turn|12
|
|t:|1644138858
|switch|p1a: Latios|Latios, M|31/100
|move|p2a: Landorus|U-turn|p1a: Latios
|-supereffective|p1a: Latios
|-damage|p1a: Latios|0 fnt
|faint|p1a: Latios
|
|t:|1644138862
|switch|p2a: Jellicent|Jellicent, M|100/100|[from]move: U-turn
|
|upkeep
|
|t:|1644138867
|switch|p1a: Kyurem|Kyurem-Black|83/100
|-ability|p1a: Kyurem|Teravolt
|turn|13
|
|t:|1644138875
|move|p1a: Kyurem|Outrage|p2a: Jellicent
|-damage|p2a: Jellicent|0 fnt
|faint|p2a: Jellicent
|
|upkeep
|
|t:|1644138889
|switch|p2a: Latios|Latios, M|37/100
|turn|14
|
|t:|1644138894
|move|p2a: Latios|Draco Meteor|p1a: Kyurem|[miss]
|-miss|p2a: Latios|p1a: Kyurem
|move|p1a: Kyurem|Outrage|p2a: Latios|[from]lockedmove
|-supereffective|p2a: Latios
|-damage|p2a: Latios|0 fnt
|faint|p2a: Latios
|
|upkeep
|c|☆PotatoMine1|ok
|c|☆PotatoMine1|haha
|c|☆PotatoMine1|gg
|
|t:|1644138903
|switch|p2a: Alakazam|Alakazam, M|1/100
|turn|15
|
|t:|1644138906
|move|p2a: Alakazam|Focus Blast|p1a: Kyurem
|-supereffective|p1a: Kyurem
|-damage|p1a: Kyurem|0 fnt
|faint|p1a: Kyurem
|
|upkeep
|
|t:|1644138909
|switch|p1a: Metagross|Metagross|70/100
|turn|16
|
|t:|1644138913
|move|p2a: Alakazam|Focus Blast|p1a: Metagross
|-damage|p1a: Metagross|40/100
|move|p1a: Metagross|Pursuit|p2a: Alakazam
|-supereffective|p2a: Alakazam
|-damage|p2a: Alakazam|0 fnt
|faint|p2a: Alakazam
|
|-heal|p1a: Metagross|46/100|[from] item: Leftovers
|upkeep
|
|t:|1644138917
|switch|p2a: Landorus|Landorus-Therian, M|100/100
|-ability|p2a: Landorus|Intimidate|boost
|-fail|p1a: Metagross|unboost|[from] ability: Clear Body|[of] p1a: Metagross
|turn|17
|
|t:|1644138921
|move|p2a: Landorus|U-turn|p1a: Metagross
|-damage|p1a: Metagross|29/100
|
|t:|1644138924
|switch|p2a: Ferrothorn|Ferrothorn, F|82/100|[from]move: U-turn
|move|p1a: Metagross|Iron Head|p2a: Ferrothorn
|-resisted|p2a: Ferrothorn
|-damage|p2a: Ferrothorn|68/100
|-damage|p1a: Metagross|17/100|[from] ability: Iron Barbs|[of] p2a: Ferrothorn
|
|-heal|p1a: Metagross|23/100|[from] item: Leftovers
|-heal|p2a: Ferrothorn|74/100|[from] item: Leftovers
|upkeep
|turn|18
|
|t:|1644138931
|switch|p2a: Landorus|Landorus-Therian, M|100/100
|-ability|p2a: Landorus|Intimidate|boost
|-fail|p1a: Metagross|unboost|[from] ability: Clear Body|[of] p1a: Metagross
|move|p1a: Metagross|Stealth Rock|p2a: Landorus
|-sidestart|p2: PotatoMine1|move: Stealth Rock
|
|-heal|p1a: Metagross|29/100|[from] item: Leftovers
|upkeep
|turn|19
|
|t:|1644138935
|move|p2a: Landorus|Earthquake|p1a: Metagross
|-supereffective|p1a: Metagross
|-damage|p1a: Metagross|0 fnt
|faint|p1a: Metagross
|
|upkeep
|
|t:|1644138943
|switch|p1a: Garchomp|Garchomp, M|51/100
|turn|20
|
|t:|1644138947
|switch|p2a: Ferrothorn|Ferrothorn, F|74/100
|-damage|p2a: Ferrothorn|68/100|[from] Stealth Rock
|move|p1a: Garchomp|Substitute|p1a: Garchomp
|-start|p1a: Garchomp|Substitute
|-damage|p1a: Garchomp|26/100
|
|-heal|p2a: Ferrothorn|74/100|[from] item: Leftovers
|upkeep
|turn|21
|
|t:|1644138957
|switch|p1a: Magnezone|Magnezone|100/100
|-item|p1a: Magnezone|Air Balloon
|move|p2a: Ferrothorn|Power Whip|p1a: Magnezone
|-resisted|p1a: Magnezone
|-damage|p1a: Magnezone|79/100
|-enditem|p1a: Magnezone|Air Balloon
|
|-heal|p2a: Ferrothorn|80/100|[from] item: Leftovers
|upkeep
|turn|22
|
|t:|1644138960
|move|p1a: Magnezone|Hidden Power|p2a: Ferrothorn
|-supereffective|p2a: Ferrothorn
|-damage|p2a: Ferrothorn|17/100
|move|p2a: Ferrothorn|Power Whip|p1a: Magnezone
|-resisted|p1a: Magnezone
|-damage|p1a: Magnezone|57/100
|
|-heal|p2a: Ferrothorn|23/100|[from] item: Leftovers
|upkeep
|turn|23
|
|t:|1644138964
|move|p1a: Magnezone|Magnet Rise|p1a: Magnezone
|-start|p1a: Magnezone|Magnet Rise
|move|p2a: Ferrothorn|Power Whip|p1a: Magnezone
|-resisted|p1a: Magnezone
|-damage|p1a: Magnezone|34/100
|
|-heal|p2a: Ferrothorn|29/100|[from] item: Leftovers
|upkeep
|turn|24
|
|t:|1644138967
|move|p1a: Magnezone|Hidden Power|p2a: Ferrothorn
|-supereffective|p2a: Ferrothorn
|-damage|p2a: Ferrothorn|0 fnt
|faint|p2a: Ferrothorn
|
|upkeep
|
|t:|1644138969
|switch|p2a: Landorus|Landorus-Therian, M|100/100
|-damage|p2a: Landorus|88/100|[from] Stealth Rock
|-ability|p2a: Landorus|Intimidate|boost
|-unboost|p1a: Magnezone|atk|1
|turn|25
|
|t:|1644138994
|move|p1a: Magnezone|Hidden Power|p2a: Landorus
|-damage|p2a: Landorus|59/100
|move|p2a: Landorus|U-turn|p1a: Magnezone
|-resisted|p1a: Magnezone
|-crit|p1a: Magnezone
|-damage|p1a: Magnezone|12/100
|
|-heal|p2a: Landorus|65/100|[from] item: Leftovers
|upkeep
|turn|26
|
|t:|1644138997
|move|p1a: Magnezone|Hidden Power|p2a: Landorus
|-damage|p2a: Landorus|31/100
|move|p2a: Landorus|U-turn|p1a: Magnezone
|-resisted|p1a: Magnezone
|-damage|p1a: Magnezone|0 fnt
|faint|p1a: Magnezone
|
|-heal|p2a: Landorus|37/100|[from] item: Leftovers
|upkeep
|
|t:|1644139001
|switch|p1a: Garchomp|Garchomp, M|26/100
|turn|27
|
|t:|1644139003
|move|p1a: Garchomp|Outrage|p2a: Landorus
|-damage|p2a: Landorus|0 fnt
|faint|p2a: Landorus
|
|win|Constantinusrex
|raw|Constantinusrex's rating: 1341 &rarr; <strong>1369</strong><br />(+28 for winning)
|raw|PotatoMine1's rating: 1490 &rarr; <strong>1462</strong><br />(-28 for losing)
