|j|☆Kodiak_45
|j|☆FrostArcanine19
|inactive|Battle timer is ON: inactive players will automatically lose when time's up.
|t:|1643941517
|gametype|singles
|player|p1|Kodiak_45|hilbert|
|player|p2|FrostArcanine19|bellelba|
|teamsize|p1|6
|teamsize|p2|6
|gen|5
|tier|[Gen 5] LC
|rated|Tournament battle
|rule|Species Clause: Limit one of each Pokémon
|rule|OHKO Clause: OHKO moves are banned
|rule|Moody Clause: Moody is banned
|rule|Evasion Moves Clause: Evasion moves are banned
|rule|Endless Battle Clause: Forcing endless battles is banned
|rule|HP Percentage Mod: HP is shown in percentages
|rule|Sleep Clause: Sleep-inducing moves are banned
|clearpoke
|poke|p1|Natu, L5, M|item
|poke|p1|Vullaby, L5, F|item
|poke|p1|Omanyte, L5, F|item
|poke|p1|Mienfoo, L5, F|item
|poke|p1|Drilbur, L5, M|item
|poke|p1|Gastly, L5, F|item
|poke|p2|Eevee, L5, F|item
|poke|p2|Abra, L5, F|item
|poke|p2|Bidoof, L5, M|item
|poke|p2|Carvanha, L5, F|item
|poke|p2|Shieldon, L5, M|item
|poke|p2|Koffing, L5, F|item
|teampreview
|c|☆FrostArcanine19|glhf
|c|☆Kodiak_45|gl hf
|
|t:|1643941545
|start
|switch|p1a: Omanyte|Omanyte, L5, F|100/100
|switch|p2a: Carvanha|Carvanha, L5, F|100/100
|turn|1
|inactive|FrostArcanine19 has 120 seconds left.
|
|t:|1643941581
|move|p2a: Carvanha|Crunch|p1a: Omanyte
|-damage|p1a: Omanyte|48/100
|-damage|p2a: Carvanha|91/100|[from] item: Life Orb
|move|p1a: Omanyte|Toxic Spikes|p2a: Carvanha
|-sidestart|p2: FrostArcanine19|move: Toxic Spikes
|
|-ability|p2a: Carvanha|Speed Boost|boost
|-boost|p2a: Carvanha|spe|1
|upkeep
|turn|2
|
|t:|1643941595
|move|p2a: Carvanha|Crunch|p1a: Omanyte
|-damage|p1a: Omanyte|9/100
|-unboost|p1a: Omanyte|def|1
|-damage|p2a: Carvanha|82/100|[from] item: Life Orb
|move|p1a: Omanyte|Scald|p2a: Carvanha
|-resisted|p2a: Carvanha
|-damage|p2a: Carvanha|41/100
|
|-ability|p2a: Carvanha|Speed Boost|boost
|-boost|p2a: Carvanha|spe|1
|upkeep
|turn|3
|
|t:|1643941613
|move|p2a: Carvanha|Aqua Jet|p1a: Omanyte
|-damage|p1a: Omanyte|0 fnt
|faint|p1a: Omanyte
|-damage|p2a: Carvanha|32/100|[from] item: Life Orb
|
|-ability|p2a: Carvanha|Speed Boost|boost
|-boost|p2a: Carvanha|spe|1
|upkeep
|
|t:|1643941625
|switch|p1a: Mienfoo|Mienfoo, L5, F|100/100
|turn|4
|j| FruitDogs
|
|t:|1643941630
|move|p1a: Mienfoo|Fake Out|p2a: Carvanha
|-damage|p2a: Carvanha|0 fnt
|faint|p2a: Carvanha
|
|upkeep
|
|t:|1643941633
|switch|p2a: Abra|Abra, L5, F|100/100
|-status|p2a: Abra|psn
|turn|5
|
|t:|1643941637
|switch|p1a: Vullaby|Vullaby, L5, F|100/100
|move|p2a: Abra|Psychic|p1a: Vullaby
|-immune|p1a: Vullaby
|
|upkeep
|turn|6
|
|t:|1643941642
|move|p2a: Abra|Signal Beam|p1a: Vullaby
|-damage|p1a: Vullaby|74/100
|move|p1a: Vullaby|Nasty Plot|p1a: Vullaby
|-boost|p1a: Vullaby|spa|2
|
|upkeep
|turn|7
|
|t:|1643941647
|move|p2a: Abra|Signal Beam|p1a: Vullaby
|-damage|p1a: Vullaby|48/100
|-start|p1a: Vullaby|confusion
|-activate|p1a: Vullaby|confusion
|move|p1a: Vullaby|Dark Pulse|p2a: Abra
|-supereffective|p2a: Abra
|-enditem|p2a: Abra|Focus Sash
|-damage|p2a: Abra|6/100 psn
|
|upkeep
|turn|8
|inactive|FrostArcanine19 has 120 seconds left.
|
|t:|1643941704
|move|p2a: Abra|Signal Beam|p1a: Vullaby
|-damage|p1a: Vullaby|22/100
|-activate|p1a: Vullaby|confusion
|move|p1a: Vullaby|Roost|p1a: Vullaby
|-heal|p1a: Vullaby|74/100
|-singleturn|p1a: Vullaby|move: Roost
|
|upkeep
|turn|9
|
|t:|1643941720
|move|p2a: Abra|Signal Beam|p1a: Vullaby
|-damage|p1a: Vullaby|48/100
|-end|p1a: Vullaby|confusion
|move|p1a: Vullaby|Roost|p1a: Vullaby
|-heal|p1a: Vullaby|100/100
|-singleturn|p1a: Vullaby|move: Roost
|
|upkeep
|turn|10
|
|t:|1643941740
|move|p2a: Abra|Signal Beam|p1a: Vullaby
|-damage|p1a: Vullaby|79/100
|move|p1a: Vullaby|Nasty Plot|p1a: Vullaby
|-boost|p1a: Vullaby|spa|2
|
|upkeep
|turn|11
|inactive|FrostArcanine19 has 90 seconds left.
|c|☆Kodiak_45|max greed
|inactive|FrostArcanine19 has 60 seconds left.
|
|t:|1643941810
|move|p2a: Abra|Signal Beam|p1a: Vullaby
|-damage|p1a: Vullaby|48/100
|-start|p1a: Vullaby|confusion
|-activate|p1a: Vullaby|confusion
|-damage|p1a: Vullaby|35/100|[from] confusion
|
|upkeep
|turn|12
|
|t:|1643941817
|move|p2a: Abra|Signal Beam|p1a: Vullaby
|-crit|p1a: Vullaby
|-damage|p1a: Vullaby|0 fnt
|faint|p1a: Vullaby
|
|upkeep
|
|t:|1643941829
|switch|p1a: Mienfoo|Mienfoo, L5, F|100/100
|turn|13
|
|t:|1643941851
|move|p1a: Mienfoo|Fake Out|p2a: Abra
|-damage|p2a: Abra|0 fnt
|faint|p2a: Abra
|
|upkeep
|
|t:|1643941854
|switch|p2a: Koffing|Koffing, L5, F|100/100
|turn|14
|
|t:|1643941873
|switch|p1a: Natu|Natu, L5, M|100/100
|move|p2a: Koffing|Will-O-Wisp|p1a: Natu
|move|p1a: Natu|Will-O-Wisp|p2a: Koffing|[from]ability: Magic Bounce
|-status|p2a: Koffing|brn
|
|-damage|p2a: Koffing|90/100 brn|[from] brn
|upkeep
|turn|15
|
|t:|1643941882
|switch|p1a: Drilbur|Drilbur, L5, M|100/100
|-ability|p1a: Drilbur|Mold Breaker
|move|p2a: Koffing|Thunderbolt|p1a: Drilbur
|-immune|p1a: Drilbur
|
|-damage|p2a: Koffing|80/100 brn|[from] brn
|upkeep
|turn|16
|
|t:|1643941888
|move|p1a: Drilbur|Earthquake|p2a: Koffing
|-supereffective|p2a: Koffing
|-damage|p2a: Koffing|0 fnt
|faint|p2a: Koffing
|
|upkeep
|
|t:|1643941891
|switch|p2a: Eevee|Eevee, L5, F|100/100
|-status|p2a: Eevee|psn
|turn|17
|
|t:|1643941911
|move|p1a: Drilbur|Earthquake|p2a: Eevee
|-damage|p2a: Eevee|55/100 psn
|move|p2a: Eevee|Return|p1a: Drilbur
|-damage|p1a: Drilbur|40/100
|
|-damage|p2a: Eevee|46/100 psn|[from] psn
|upkeep
|turn|18
|
|t:|1643941918
|move|p2a: Eevee|Quick Attack|p1a: Drilbur
|-damage|p1a: Drilbur|14/100
|move|p1a: Drilbur|Earthquake|p2a: Eevee
|-damage|p2a: Eevee|0 fnt
|faint|p2a: Eevee
|
|upkeep
|
|t:|1643941920
|switch|p2a: Bidoof|Bidoof, L5, M|100/100
|-status|p2a: Bidoof|psn
|turn|19
|
|t:|1643941929
|move|p2a: Bidoof|Quick Attack|p1a: Drilbur
|-damage|p1a: Drilbur|0 fnt
|faint|p1a: Drilbur
|
|-damage|p2a: Bidoof|91/100 psn|[from] psn
|upkeep
|
|t:|1643941931
|switch|p1a: Mienfoo|Mienfoo, L5, F|100/100
|turn|20
|
|t:|1643941934
|move|p1a: Mienfoo|High Jump Kick|p2a: Bidoof
|-supereffective|p2a: Bidoof
|-damage|p2a: Bidoof|0 fnt
|faint|p2a: Bidoof
|
|upkeep
|
|t:|1643941936
|switch|p2a: Shieldon|Shieldon, L5, M|100/100
|turn|21
|
|t:|1643941940
|move|p1a: Mienfoo|High Jump Kick|p2a: Shieldon|[miss]
|-miss|p1a: Mienfoo|p2a: Shieldon
|-damage|p1a: Mienfoo|53/100|[from] highjumpkick
|move|p2a: Shieldon|Earthquake|p1a: Mienfoo
|-damage|p1a: Mienfoo|31/100
|
|upkeep
|turn|22
|c|☆FrostArcanine19|gg
|
|t:|1643941945
|switch|p1a: Gastly|Gastly, L5, F|100/100
|move|p2a: Shieldon|Earthquake|p1a: Gastly
|-immune|p1a: Gastly|[from] ability: Levitate
|
|upkeep
|turn|23
|c|☆Kodiak_45|gg wp
|
|t:|1643941952
|move|p1a: Gastly|Trick|p2a: Shieldon
|-activate|p1a: Gastly|move: Trick|[of] p2a: Shieldon
|-item|p2a: Shieldon|Black Sludge|[from] move: Trick
|-item|p1a: Gastly|Eviolite|[from] move: Trick
|move|p2a: Shieldon|Rock Slide|p1a: Gastly
|-damage|p1a: Gastly|67/100
|
|-damage|p2a: Shieldon|90/100|[from] item: Black Sludge
|upkeep
|turn|24
|
|t:|1643941959
|move|p1a: Gastly|Will-O-Wisp|p2a: Shieldon
|-status|p2a: Shieldon|brn
|move|p2a: Shieldon|Rock Slide|p1a: Gastly
|-damage|p1a: Gastly|53/100
|
|-damage|p2a: Shieldon|79/100 brn|[from] item: Black Sludge
|-damage|p2a: Shieldon|69/100 brn|[from] brn
|upkeep
|turn|25
|
|t:|1643941963
|move|p1a: Gastly|Shadow Ball|p2a: Shieldon
|-resisted|p2a: Shieldon
|-damage|p2a: Shieldon|43/100 brn
|move|p2a: Shieldon|Iron Head|p1a: Gastly
|-damage|p1a: Gastly|39/100
|
|-damage|p2a: Shieldon|32/100 brn|[from] item: Black Sludge
|-damage|p2a: Shieldon|22/100 brn|[from] brn
|upkeep
|turn|26
|
|t:|1643941972
|move|p1a: Gastly|Shadow Ball|p2a: Shieldon
|-resisted|p2a: Shieldon
|-damage|p2a: Shieldon|0 fnt
|faint|p2a: Shieldon
|
|win|Kodiak_45
|n|☆Kodiak_45|kodiak45
|n|☆FrostArcanine19|frostarcanine19
|n| FruitDogs|fruitdogs
