|j|☆rexxonmobile
|j|☆Serperioryyds
|t:|1643894544
|gametype|singles
|player|p1|rexxonmobile|170|1135
|player|p2|Serperioryyds|skyla|1145
|teamsize|p1|6
|teamsize|p2|6
|gen|5
|tier|[Gen 5] OU
|rated|
|rule|Species Clause: Limit one of each Pokémon
|rule|OHKO Clause: OHKO moves are banned
|rule|Moody Clause: Moody is banned
|rule|Evasion Moves Clause: Evasion moves are banned
|rule|Endless Battle Clause: Forcing endless battles is banned
|rule|HP Percentage Mod: HP is shown in percentages
|rule|Evasion Abilities Clause: Evasion abilities are banned
|rule|Sleep Clause: Sleep-inducing moves are banned
|rule|Swagger Clause: Swagger is banned
|clearpoke
|poke|p1|Politoed, F|item
|poke|p1|Tentacruel, F|item
|poke|p1|Jirachi|item
|poke|p1|Thundurus-Therian, M|item
|poke|p1|Breloom, M|item
|poke|p1|Latios, M|item
|poke|p2|Mamoswine, F|item
|poke|p2|Latios, M|item
|poke|p2|Scizor, M|item
|poke|p2|Kyurem-Black|item
|poke|p2|Salamence, M|item
|poke|p2|Magnezone|item
|teampreview
|
|t:|1643894566
|start
|switch|p1a: Jirachi|Jirachi|100/100
|switch|p2a: Latios|Latios, M|100/100
|turn|1
|
|t:|1643894580
|move|p2a: Latios|Hidden Power|p1a: Jirachi
|-supereffective|p1a: Jirachi
|-damage|p1a: Jirachi|52/100
|move|p1a: Jirachi|U-turn|p2a: Latios
|-supereffective|p2a: Latios
|-damage|p2a: Latios|59/100
|
|t:|1643894587
|switch|p1a: Breloom|Breloom, M|100/100|[from]move: U-turn
|
|-status|p1a: Breloom|tox|[from] item: Toxic Orb
|upkeep
|turn|2
|
|t:|1643894598
|switch|p1a: Jirachi|Jirachi|52/100
|move|p2a: Latios|Hidden Power|p1a: Jirachi
|-supereffective|p1a: Jirachi
|-damage|p1a: Jirachi|7/100
|
|-heal|p1a: Jirachi|13/100|[from] item: Leftovers
|upkeep
|turn|3
|
|t:|1643894604
|move|p2a: Latios|Hidden Power|p1a: Jirachi
|-supereffective|p1a: Jirachi
|-damage|p1a: Jirachi|0 fnt
|faint|p1a: Jirachi
|
|upkeep
|c|☆Serperioryyds|？
|
|t:|1643894613
|switch|p1a: Politoed|Politoed, F|100/100
|-weather|RainDance|[from] ability: Drizzle|[of] p1a: Politoed
|turn|4
|
|t:|1643894619
|switch|p2a: Magnezone|Magnezone|100/100
|move|p1a: Politoed|Scald|p2a: Magnezone
|-damage|p2a: Magnezone|46/100
|
|-weather|RainDance|[upkeep]
|upkeep
|turn|5
|
|t:|1643894628
|move|p1a: Politoed|Protect|p1a: Politoed
|-singleturn|p1a: Politoed|Protect
|move|p2a: Magnezone|Volt Switch|p1a: Politoed
|-activate|p1a: Politoed|move: Protect
|
|-weather|RainDance|[upkeep]
|upkeep
|turn|6
|
|t:|1643894639
|switch|p2a: Kyurem|Kyurem-Black|100/100
|-ability|p2a: Kyurem|Teravolt
|switch|p1a: Thundurus|Thundurus-Therian, M|100/100
|
|-weather|RainDance|[upkeep]
|upkeep
|turn|7
|
|t:|1643894652
|move|p1a: Thundurus|Focus Blast|p2a: Kyurem
|-supereffective|p2a: Kyurem
|-damage|p2a: Kyurem|13/100
|move|p2a: Kyurem|Dragon Claw|p1a: Thundurus
|-damage|p1a: Thundurus|0 fnt
|faint|p1a: Thundurus
|
|-weather|RainDance|[upkeep]
|upkeep
|
|t:|1643894675
|switch|p1a: Breloom|Breloom, M|100/100 tox
|turn|8
|
|t:|1643894682
|move|p2a: Kyurem|Dragon Claw|p1a: Breloom
|-crit|p1a: Breloom
|-damage|p1a: Breloom|0 fnt
|faint|p1a: Breloom
|
|-weather|RainDance|[upkeep]
|upkeep
|
|t:|1643894685
|switch|p1a: Politoed|Politoed, F|100/100
|turn|9
|c|☆Serperioryyds|？
|
|t:|1643894687
|move|p2a: Kyurem|Dragon Claw|p1a: Politoed
|-damage|p1a: Politoed|33/100
|move|p1a: Politoed|Scald|p2a: Kyurem
|-resisted|p2a: Kyurem
|-damage|p2a: Kyurem|0 fnt
|faint|p2a: Kyurem
|
|-weather|RainDance|[upkeep]
|-heal|p1a: Politoed|39/100|[from] item: Leftovers
|upkeep
|
|t:|1643894691
|switch|p2a: Salamence|Salamence, M|100/100
|turn|10
|
|t:|1643894701
|move|p2a: Salamence|Dragon Claw|p1a: Politoed
|-damage|p1a: Politoed|5/100
|move|p1a: Politoed|Encore|p2a: Salamence
|-start|p2a: Salamence|Encore
|
|-weather|RainDance|[upkeep]
|-heal|p1a: Politoed|11/100|[from] item: Leftovers
|upkeep
|turn|11
|
|t:|1643894706
|move|p1a: Politoed|Protect|p1a: Politoed
|-singleturn|p1a: Politoed|Protect
|move|p2a: Salamence|Dragon Claw|p1a: Politoed
|-activate|p1a: Politoed|move: Protect
|
|-weather|RainDance|[upkeep]
|-heal|p1a: Politoed|17/100|[from] item: Leftovers
|upkeep
|turn|12
|
|t:|1643894713
|move|p2a: Salamence|Dragon Claw|p1a: Politoed
|-damage|p1a: Politoed|0 fnt
|faint|p1a: Politoed
|-ability|p2a: Salamence|Moxie|boost
|-boost|p2a: Salamence|atk|1
|
|-weather|RainDance|[upkeep]
|upkeep
|
|t:|1643894719
|switch|p1a: Latios|Latios, M|100/100
|turn|13
|
|t:|1643894723
|move|p2a: Salamence|Dragon Claw|p1a: Latios
|-supereffective|p1a: Latios
|-damage|p1a: Latios|0 fnt
|faint|p1a: Latios
|-ability|p2a: Salamence|Moxie|boost
|-boost|p2a: Salamence|atk|1
|
|-weather|RainDance|[upkeep]
|-end|p2a: Salamence|Encore
|upkeep
|
|t:|1643894726
|switch|p1a: Tentacruel|Tentacruel, F|100/100
|turn|14
|
|t:|1643894728
|move|p2a: Salamence|Dragon Claw|p1a: Tentacruel
|-damage|p1a: Tentacruel|0 fnt
|faint|p1a: Tentacruel
|-ability|p2a: Salamence|Moxie|boost
|-boost|p2a: Salamence|atk|1
|
|win|Serperioryyds
|raw|rexxonmobile's rating: 1135 &rarr; <strong>1111</strong><br />(-24 for losing)
|raw|Serperioryyds's rating: 1145 &rarr; <strong>1169</strong><br />(+24 for winning)
