|j|☆Axgwd ♪
|j|☆Bughouse
|t:|1624065286
|gametype|singles
|player|p1|Axgwd ♪|mira|
|player|p2|Bughouse|#bughouse|
|teamsize|p1|6
|teamsize|p2|6
|gen|5
|tier|[Gen 5] LC
|rated|Tournament battle
|rule|Species Clause: Limit one of each Pokémon
|rule|OHKO Clause: OHKO moves are banned
|rule|Moody Clause: Moody is banned
|rule|Evasion Moves Clause: Evasion moves are banned
|rule|Endless Battle Clause: Forcing endless battles is banned
|rule|HP Percentage Mod: HP is shown in percentages
|rule|Sleep Clause: Sleep-inducing moves are banned
|clearpoke
|poke|p1|Aipom, L5, M|item
|poke|p1|Drilbur, L5, F|item
|poke|p1|Magnemite, L5|item
|poke|p1|Mienfoo, L5, M|item
|poke|p1|Ferroseed, L5, F|item
|poke|p1|Natu, L5, F|item
|poke|p2|Shellder, L5, F|item
|poke|p2|Gastly, L5, F|item
|poke|p2|Magnemite, L5|item
|poke|p2|Ferroseed, L5, F|item
|poke|p2|Frillish, L5, F|item
|poke|p2|Timburr, L5, M|item
|teampreview
|j| antics.EXE
|c|☆Axgwd ♪|hf
|j| Gen 5 is lame
|
|t:|1624065300
|start
|switch|p1a: Ferroseed|Ferroseed, L5, F|100/100
|switch|p2a: Timburr|Timburr, L5, M|100/100
|turn|1
|j| Legit Goodra
|
|t:|1624065305
|move|p2a: Timburr|Drain Punch|p1a: Ferroseed
|-supereffective|p1a: Ferroseed
|-damage|p1a: Ferroseed|37/100
|-damage|p2a: Timburr|88/100|[from] ability: Iron Barbs|[of] p1a: Ferroseed
|move|p1a: Ferroseed|Thunder Wave|p2a: Timburr
|-status|p2a: Timburr|par
|
|upkeep
|turn|2
|
|t:|1624065312
|switch|p1a: Natu|Natu, L5, F|100/100
|move|p2a: Timburr|Mach Punch|p1a: Natu
|-resisted|p1a: Natu
|-damage|p1a: Natu|96/100
|
|upkeep
|turn|3
|j| Volkerr
|
|t:|1624065317
|move|p1a: Natu|U-turn|p2a: Timburr
|-resisted|p2a: Timburr
|-damage|p2a: Timburr|84/100 par
|
|t:|1624065322
|switch|p1a: Mienfoo|Mienfoo, L5, M|100/100|[from]move: U-turn
|move|p2a: Timburr|Ice Punch|p1a: Mienfoo
|-damage|p1a: Mienfoo|69/100
|
|upkeep
|turn|4
|
|t:|1624065330
|switch|p2a: Frillish|Frillish, L5, F|100/100
|move|p1a: Mienfoo|Fake Out|p2a: Frillish
|-immune|p2a: Frillish
|
|upkeep
|turn|5
|
|t:|1624065339
|move|p1a: Mienfoo|U-turn|p2a: Frillish
|-resisted|p2a: Frillish
|-damage|p2a: Frillish|92/100
|
|t:|1624065350
|switch|p1a: Ferroseed|Ferroseed, L5, F|37/100|[from]move: U-turn
|move|p2a: Frillish|Surf|p1a: Ferroseed
|-resisted|p1a: Ferroseed
|-damage|p1a: Ferroseed|23/100
|
|upkeep
|turn|6
|
|t:|1624065359
|move|p2a: Frillish|Surf|p1a: Ferroseed
|-resisted|p1a: Ferroseed
|-damage|p1a: Ferroseed|10/100
|move|p1a: Ferroseed|Spikes|p2a: Frillish
|-sidestart|p2: Bughouse|Spikes
|
|upkeep
|turn|7
|
|t:|1624065365
|move|p2a: Frillish|Surf|p1a: Ferroseed
|-resisted|p1a: Ferroseed
|-damage|p1a: Ferroseed|0 fnt
|faint|p1a: Ferroseed
|
|upkeep
|
|t:|1624065372
|switch|p1a: Magnemite|Magnemite, L5|100/100
|turn|8
|
|t:|1624065380
|move|p1a: Magnemite|Volt Switch|p2a: Frillish
|-supereffective|p2a: Frillish
|-damage|p2a: Frillish|36/100
|
|t:|1624065385
|switch|p1a: Aipom|Aipom, L5, M|100/100|[from]move: Volt Switch
|move|p2a: Frillish|Recover|p2a: Frillish
|-heal|p2a: Frillish|88/100
|
|upkeep
|turn|9
|
|t:|1624065389
|move|p1a: Aipom|Shadow Claw|p2a: Frillish
|-supereffective|p2a: Frillish
|-damage|p2a: Frillish|36/100
|-damage|p1a: Aipom|92/100|[from] item: Life Orb
|move|p2a: Frillish|Will-O-Wisp|p1a: Aipom|[miss]
|-miss|p2a: Frillish|p1a: Aipom
|
|upkeep
|turn|10
|
|t:|1624065397
|switch|p2a: Ferroseed|Ferroseed, L5, F|100/100
|-damage|p2a: Ferroseed|92/100|[from] Spikes
|move|p1a: Aipom|Shadow Claw|p2a: Ferroseed
|-resisted|p2a: Ferroseed
|-damage|p2a: Ferroseed|79/100
|-damage|p1a: Aipom|83/100|[from] ability: Iron Barbs|[of] p2a: Ferroseed
|-damage|p1a: Aipom|74/100|[from] item: Life Orb
|
|upkeep
|turn|11
|j|@Waves
|j| Parrot67
|c|@Waves|how far has the roa playerbase fallen if we let ax get to the finals of anything
|
|t:|1624065424
|switch|p2a: Frillish|Frillish, L5, F|36/100
|-damage|p2a: Frillish|24/100|[from] Spikes
|move|p1a: Aipom|U-turn|p2a: Frillish
|-resisted|p2a: Frillish
|-damage|p2a: Frillish|12/100
|-damage|p1a: Aipom|66/100|[from] item: Life Orb
|
|t:|1624065435
|switch|p1a: Natu|Natu, L5, F|96/100|[from]move: U-turn
|
|upkeep
|turn|12
|
|t:|1624065454
|move|p1a: Natu|Psychic|p2a: Frillish
|-damage|p2a: Frillish|0 fnt
|faint|p2a: Frillish
|
|upkeep
|
|t:|1624065475
|switch|p2a: Magnemite|Magnemite, L5|100/100
|-damage|p2a: Magnemite|91/100|[from] Spikes
|turn|13
|
|t:|1624065480
|move|p1a: Natu|U-turn|p2a: Magnemite
|-resisted|p2a: Magnemite
|-damage|p2a: Magnemite|86/100
|
|t:|1624065485
|switch|p1a: Drilbur|Drilbur, L5, F|100/100|[from]move: U-turn
|-ability|p1a: Drilbur|Mold Breaker
|move|p2a: Magnemite|Magnet Rise|p2a: Magnemite
|-start|p2a: Magnemite|Magnet Rise
|
|upkeep
|turn|14
|
|t:|1624065491
|move|p1a: Drilbur|Stealth Rock|p2a: Magnemite
|-sidestart|p2: Bughouse|move: Stealth Rock
|move|p2a: Magnemite|Flash Cannon|p1a: Drilbur
|-damage|p1a: Drilbur|48/100
|-unboost|p1a: Drilbur|spd|1
|
|upkeep
|turn|15
|
|t:|1624065498
|switch|p1a: Magnemite|Magnemite, L5|100/100
|move|p2a: Magnemite|Flash Cannon|p1a: Magnemite
|-resisted|p1a: Magnemite
|-damage|p1a: Magnemite|85/100
|
|upkeep
|turn|16
|
|t:|1624065502
|move|p1a: Magnemite|Hidden Power|p2a: Magnemite
|-supereffective|p2a: Magnemite
|-damage|p2a: Magnemite|29/100
|move|p2a: Magnemite|Hidden Power|p1a: Magnemite
|-supereffective|p1a: Magnemite
|-damage|p1a: Magnemite|0 fnt
|faint|p1a: Magnemite
|
|upkeep
|
|t:|1624065511
|switch|p1a: Natu|Natu, L5, F|96/100
|turn|17
|
|t:|1624065518
|move|p1a: Natu|Heat Wave|p2a: Magnemite
|-supereffective|p2a: Magnemite
|-damage|p2a: Magnemite|0 fnt
|faint|p2a: Magnemite
|
|upkeep
|
|t:|1624065532
|switch|p2a: Shellder|Shellder, L5, F|100/100
|-damage|p2a: Shellder|90/100|[from] Stealth Rock
|-damage|p2a: Shellder|80/100|[from] Spikes
|turn|18
|
|t:|1624065538
|move|p1a: Natu|Psychic|p2a: Shellder
|-crit|p2a: Shellder
|-damage|p2a: Shellder|0 fnt
|faint|p2a: Shellder
|
|upkeep
|
|t:|1624065542
|switch|p2a: Gastly|Gastly, L5, F|100/100
|-damage|p2a: Gastly|90/100|[from] Stealth Rock
|turn|19
|j|^alpha male psyduck
|l|^alpha male psyduck
|
|t:|1624065552
|switch|p1a: Drilbur|Drilbur, L5, F|48/100
|-ability|p1a: Drilbur|Mold Breaker
|move|p2a: Gastly|Substitute|p2a: Gastly
|-start|p2a: Gastly|Substitute
|-damage|p2a: Gastly|69/100
|
|upkeep
|turn|20
|
|t:|1624065558
|move|p2a: Gastly|Shadow Ball|p1a: Drilbur
|-damage|p1a: Drilbur|0 fnt
|faint|p1a: Drilbur
|-damage|p2a: Gastly|64/100|[from] item: Life Orb
|
|upkeep
|
|t:|1624065564
|switch|p1a: Mienfoo|Mienfoo, L5, M|100/100
|turn|21
|
|t:|1624065567
|move|p2a: Gastly|Sludge Bomb|p1a: Mienfoo
|-damage|p1a: Mienfoo|28/100
|-status|p1a: Mienfoo|psn
|-damage|p2a: Gastly|58/100|[from] item: Life Orb
|move|p1a: Mienfoo|Knock Off|p2a: Gastly
|-supereffective|p2a: Gastly
|-end|p2a: Gastly|Substitute
|
|-damage|p1a: Mienfoo|19/100 psn|[from] psn
|upkeep
|turn|22
|
|t:|1624065581
|move|p2a: Gastly|Sludge Bomb|p1a: Mienfoo
|-damage|p1a: Mienfoo|0 fnt
|faint|p1a: Mienfoo
|-damage|p2a: Gastly|53/100|[from] item: Life Orb
|
|upkeep
|
|t:|1624065584
|switch|p1a: Aipom|Aipom, L5, M|66/100
|turn|23
|
|t:|1624065588
|switch|p2a: Ferroseed|Ferroseed, L5, F|79/100
|-damage|p2a: Ferroseed|70/100|[from] Spikes
|-damage|p2a: Ferroseed|66/100|[from] Stealth Rock
|move|p1a: Aipom|Shadow Claw|p2a: Ferroseed
|-resisted|p2a: Ferroseed
|-damage|p2a: Ferroseed|53/100
|-damage|p1a: Aipom|57/100|[from] ability: Iron Barbs|[of] p2a: Ferroseed
|-damage|p1a: Aipom|48/100|[from] item: Life Orb
|
|upkeep
|turn|24
|
|t:|1624065598
|switch|p1a: Natu|Natu, L5, F|96/100
|move|p2a: Ferroseed|Bullet Seed|p1a: Natu
|-resisted|p1a: Natu
|-damage|p1a: Natu|91/100
|-resisted|p1a: Natu
|-damage|p1a: Natu|87/100
|-resisted|p1a: Natu
|-damage|p1a: Natu|82/100
|-hitcount|p1a: Natu|3
|
|upkeep
|turn|25
|
|t:|1624065605
|switch|p2a: Timburr|Timburr, L5, M|84/100 par
|-damage|p2a: Timburr|72/100 par|[from] Spikes
|-damage|p2a: Timburr|68/100 par|[from] Stealth Rock
|move|p1a: Natu|Heat Wave|p2a: Timburr
|-damage|p2a: Timburr|44/100 par
|
|upkeep
|turn|26
|
|t:|1624065613
|move|p1a: Natu|Psychic|p2a: Timburr
|-supereffective|p2a: Timburr
|-damage|p2a: Timburr|0 fnt
|faint|p2a: Timburr
|
|upkeep
|
|t:|1624065614
|switch|p2a: Gastly|Gastly, L5, F|53/100
|-damage|p2a: Gastly|43/100|[from] Stealth Rock
|turn|27
|
|t:|1624065662
|move|p2a: Gastly|Sludge Bomb|p1a: Natu
|-damage|p1a: Natu|10/100
|-damage|p2a: Gastly|37/100|[from] item: Life Orb
|move|p1a: Natu|Psychic|p2a: Gastly
|-supereffective|p2a: Gastly
|-damage|p2a: Gastly|0 fnt
|faint|p2a: Gastly
|
|upkeep
|
|t:|1624065671
|switch|p2a: Ferroseed|Ferroseed, L5, F|53/100
|-damage|p2a: Ferroseed|44/100|[from] Spikes
|-damage|p2a: Ferroseed|40/100|[from] Stealth Rock
|turn|28
|c|☆Bughouse|rip
|
|t:|1624065679
|move|p1a: Natu|Heat Wave|p2a: Ferroseed
|-supereffective|p2a: Ferroseed
|-damage|p2a: Ferroseed|0 fnt
|faint|p2a: Ferroseed
|
|win|Axgwd ♪
|n|☆Axgwd ♪|axgwd
|n|☆Bughouse|bughouse
|n| antics.EXE|anticsexe
|n| Gen 5 is lame|gen5islame
|n| Legit Goodra|legitgoodra
|n| Volkerr|volkerr
|n|+Waves|waves
|n| Parrot67|parrot67
