|j|☆Lucky-Sama
|j|☆Odell Beckham Jr.
|t:|1635452099
|gametype|singles
|player|p1|Lucky-Sama|marley|
|player|p2|Odell Beckham Jr.|170|
|teamsize|p1|6
|teamsize|p2|6
|gen|5
|tier|[Gen 5] UU
|rated|Tournament battle
|rule|Species Clause: Limit one of each Pokémon
|rule|OHKO Clause: OHKO moves are banned
|rule|Moody Clause: Moody is banned
|rule|Evasion Moves Clause: Evasion moves are banned
|rule|Endless Battle Clause: Forcing endless battles is banned
|rule|HP Percentage Mod: HP is shown in percentages
|rule|Evasion Abilities Clause: Evasion abilities are banned
|rule|Baton Pass Clause: Limit one Baton Passer, can't pass Spe and other stats simultaneously
|rule|Swagger Clause: Swagger is banned
|rule|Sleep Clause Mod: Limit one foe put to sleep
|clearpoke
|poke|p1|Victini|item
|poke|p1|Blastoise, F|item
|poke|p1|Nidoqueen, F|item
|poke|p1|Raikou|item
|poke|p1|Bronzong|item
|poke|p1|Heracross, M|item
|poke|p2|Darmanitan, M|item
|poke|p2|Victini|item
|poke|p2|Arcanine, F|item
|poke|p2|Blastoise, F|item
|poke|p2|Snorlax, F|item
|poke|p2|Gligar, F|item
|teampreview
|j| Dunoks
|c|☆Odell Beckham Jr.|blastoise...
|c|☆Odell Beckham Jr.|what is this a cteam?
|
|t:|1635452140
|start
|switch|p1a: Nidoqueen|Nidoqueen, F|100/100
|switch|p2a: Arcanine|Arcanine, F|100/100
|-ability|p2a: Arcanine|Intimidate|boost
|-unboost|p1a: Nidoqueen|atk|1
|turn|1
|
|t:|1635452149
|move|p2a: Arcanine|Flare Blitz|p1a: Nidoqueen
|-damage|p1a: Nidoqueen|52/100
|-damage|p2a: Arcanine|81/100|[from] Recoil
|-damage|p2a: Arcanine|71/100|[from] item: Life Orb
|move|p1a: Nidoqueen|Toxic Spikes|p2a: Arcanine
|-sidestart|p2: Odell Beckham Jr.|move: Toxic Spikes
|
|-heal|p1a: Nidoqueen|58/100|[from] item: Black Sludge
|upkeep
|turn|2
|
|t:|1635452164
|switch|p2a: Blastoise|Blastoise, F|100/100
|-status|p2a: Blastoise|psn
|move|p1a: Nidoqueen|Earth Power|p2a: Blastoise
|-damage|p2a: Blastoise|70/100 psn
|
|-heal|p1a: Nidoqueen|64/100|[from] item: Black Sludge
|-heal|p2a: Blastoise|76/100 psn|[from] item: Leftovers
|-damage|p2a: Blastoise|64/100 psn|[from] psn
|upkeep
|turn|3
|
|t:|1635452174
|switch|p1a: Bronzong|Bronzong|100/100
|move|p2a: Blastoise|Rapid Spin|p1a: Bronzong
|-resisted|p1a: Bronzong
|-damage|p1a: Bronzong|99/100
|-sideend|p2: Odell Beckham Jr.|Toxic Spikes|[from] move: Rapid Spin|[of] p2a: Blastoise
|
|-heal|p2a: Blastoise|70/100 psn|[from] item: Leftovers
|-heal|p1a: Bronzong|100/100|[from] item: Leftovers
|-damage|p2a: Blastoise|58/100 psn|[from] psn
|upkeep
|turn|4
|
|t:|1635452180
|move|p2a: Blastoise|Refresh|p2a: Blastoise
|-curestatus|p2a: Blastoise|psn|[msg]
|move|p1a: Bronzong|Stealth Rock|p2a: Blastoise
|-sidestart|p2: Odell Beckham Jr.|move: Stealth Rock
|
|-heal|p2a: Blastoise|64/100|[from] item: Leftovers
|upkeep
|turn|5
|
|t:|1635452183
|move|p2a: Blastoise|Rapid Spin|p1a: Bronzong
|-resisted|p1a: Bronzong
|-damage|p1a: Bronzong|99/100
|-sideend|p2: Odell Beckham Jr.|Stealth Rock|[from] move: Rapid Spin|[of] p2a: Blastoise
|move|p1a: Bronzong|Toxic|p2a: Blastoise
|-status|p2a: Blastoise|tox
|
|-heal|p2a: Blastoise|70/100 tox|[from] item: Leftovers
|-heal|p1a: Bronzong|100/100|[from] item: Leftovers
|-damage|p2a: Blastoise|64/100 tox|[from] psn
|upkeep
|turn|6
|
|t:|1635452188
|switch|p1a: Raikou|Raikou|100/100
|-ability|p1a: Raikou|Pressure
|move|p2a: Blastoise|Refresh|p2a: Blastoise
|-curestatus|p2a: Blastoise|tox|[msg]
|
|-heal|p2a: Blastoise|70/100|[from] item: Leftovers
|upkeep
|turn|7
|
|t:|1635452197
|switch|p2a: Snorlax|Snorlax, F, shiny|100/100
|move|p1a: Raikou|Substitute|p1a: Raikou
|-start|p1a: Raikou|Substitute
|-damage|p1a: Raikou|76/100
|
|-heal|p1a: Raikou|82/100|[from] item: Leftovers
|upkeep
|turn|8
|
|t:|1635452202
|move|p1a: Raikou|Thunderbolt|p2a: Snorlax
|-damage|p2a: Snorlax|79/100
|move|p2a: Snorlax|Body Slam|p1a: Raikou
|-crit|p1a: Raikou
|-end|p1a: Raikou|Substitute
|
|-heal|p1a: Raikou|88/100|[from] item: Leftovers
|-heal|p2a: Snorlax|85/100|[from] item: Leftovers
|upkeep
|turn|9
|
|t:|1635452212
|switch|p1a: Bronzong|Bronzong|100/100
|move|p2a: Snorlax|Body Slam|p1a: Bronzong
|-resisted|p1a: Bronzong
|-damage|p1a: Bronzong|86/100
|
|-heal|p1a: Bronzong|92/100|[from] item: Leftovers
|-heal|p2a: Snorlax|91/100|[from] item: Leftovers
|upkeep
|turn|10
|
|t:|1635452220
|switch|p2a: Blastoise|Blastoise, F|70/100
|move|p1a: Bronzong|Stealth Rock|p2a: Blastoise
|-sidestart|p2: Odell Beckham Jr.|move: Stealth Rock
|
|-heal|p2a: Blastoise|76/100|[from] item: Leftovers
|-heal|p1a: Bronzong|98/100|[from] item: Leftovers
|upkeep
|turn|11
|
|t:|1635452224
|move|p2a: Blastoise|Rapid Spin|p1a: Bronzong
|-resisted|p1a: Bronzong
|-damage|p1a: Bronzong|97/100
|-sideend|p2: Odell Beckham Jr.|Stealth Rock|[from] move: Rapid Spin|[of] p2a: Blastoise
|move|p1a: Bronzong|Earthquake|p2a: Blastoise
|-damage|p2a: Blastoise|61/100
|
|-heal|p2a: Blastoise|67/100|[from] item: Leftovers
|-heal|p1a: Bronzong|100/100|[from] item: Leftovers
|upkeep
|turn|12
|
|t:|1635452229
|move|p2a: Blastoise|Scald|p1a: Bronzong
|-damage|p1a: Bronzong|84/100
|move|p1a: Bronzong|Toxic|p2a: Blastoise
|-status|p2a: Blastoise|tox
|
|-heal|p2a: Blastoise|73/100 tox|[from] item: Leftovers
|-heal|p1a: Bronzong|90/100|[from] item: Leftovers
|-damage|p2a: Blastoise|67/100 tox|[from] psn
|upkeep
|turn|13
|
|t:|1635452236
|move|p2a: Blastoise|Refresh|p2a: Blastoise
|-curestatus|p2a: Blastoise|tox|[msg]
|move|p1a: Bronzong|Earthquake|p2a: Blastoise
|-damage|p2a: Blastoise|52/100
|
|-heal|p2a: Blastoise|58/100|[from] item: Leftovers
|-heal|p1a: Bronzong|97/100|[from] item: Leftovers
|upkeep
|turn|14
|
|t:|1635452240
|move|p2a: Blastoise|Scald|p1a: Bronzong
|-damage|p1a: Bronzong|79/100
|move|p1a: Bronzong|Stealth Rock|p2a: Blastoise
|-sidestart|p2: Odell Beckham Jr.|move: Stealth Rock
|
|-heal|p2a: Blastoise|64/100|[from] item: Leftovers
|-heal|p1a: Bronzong|86/100|[from] item: Leftovers
|upkeep
|turn|15
|
|t:|1635452250
|switch|p1a: Victini|Victini|100/100
|move|p2a: Blastoise|Rapid Spin|p1a: Victini
|-damage|p1a: Victini|98/100
|-sideend|p2: Odell Beckham Jr.|Stealth Rock|[from] move: Rapid Spin|[of] p2a: Blastoise
|
|-heal|p2a: Blastoise|70/100|[from] item: Leftovers
|upkeep
|turn|16
|
|t:|1635452258
|switch|p2a: Gligar|Gligar, F|100/100
|move|p1a: Victini|U-turn|p2a: Gligar
|-resisted|p2a: Gligar
|-damage|p2a: Gligar|95/100
|
|t:|1635452268
|switch|p1a: Raikou|Raikou|88/100|[from]move: U-turn
|-ability|p1a: Raikou|Pressure
|
|-heal|p1a: Raikou|94/100|[from] item: Leftovers
|upkeep
|turn|17
|
|t:|1635452270
|switch|p2a: Snorlax|Snorlax, F, shiny|91/100
|move|p1a: Raikou|Hidden Power|p2a: Snorlax
|-damage|p2a: Snorlax|86/100
|
|-heal|p1a: Raikou|100/100|[from] item: Leftovers
|-heal|p2a: Snorlax|92/100|[from] item: Leftovers
|upkeep
|turn|18
|
|t:|1635452275
|switch|p1a: Bronzong|Bronzong|86/100
|move|p2a: Snorlax|Crunch|p1a: Bronzong
|-damage|p1a: Bronzong|65/100
|
|-heal|p1a: Bronzong|72/100|[from] item: Leftovers
|-heal|p2a: Snorlax|98/100|[from] item: Leftovers
|upkeep
|turn|19
|
|t:|1635452287
|switch|p2a: Blastoise|Blastoise, F|70/100
|move|p1a: Bronzong|Toxic|p2a: Blastoise|[miss]
|-miss|p1a: Bronzong|p2a: Blastoise
|
|-heal|p2a: Blastoise|76/100|[from] item: Leftovers
|-heal|p1a: Bronzong|78/100|[from] item: Leftovers
|upkeep
|turn|20
|
|t:|1635452291
|move|p2a: Blastoise|Scald|p1a: Bronzong
|-damage|p1a: Bronzong|60/100
|-status|p1a: Bronzong|brn
|move|p1a: Bronzong|Toxic|p2a: Blastoise|[miss]
|-miss|p1a: Bronzong|p2a: Blastoise
|
|-heal|p2a: Blastoise|82/100|[from] item: Leftovers
|-heal|p1a: Bronzong|66/100 brn|[from] item: Leftovers
|-damage|p1a: Bronzong|54/100 brn|[from] brn
|upkeep
|turn|21
|
|t:|1635452296
|move|p2a: Blastoise|Scald|p1a: Bronzong
|-damage|p1a: Bronzong|38/100 brn
|move|p1a: Bronzong|Toxic|p2a: Blastoise
|-status|p2a: Blastoise|tox
|
|-heal|p2a: Blastoise|88/100 tox|[from] item: Leftovers
|-heal|p1a: Bronzong|44/100 brn|[from] item: Leftovers
|-damage|p2a: Blastoise|82/100 tox|[from] psn
|-damage|p1a: Bronzong|32/100 brn|[from] brn
|upkeep
|turn|22
|
|t:|1635452300
|switch|p1a: Heracross|Heracross, M|100/100
|move|p2a: Blastoise|Refresh|p2a: Blastoise
|-curestatus|p2a: Blastoise|tox|[msg]
|
|-heal|p2a: Blastoise|88/100|[from] item: Leftovers
|upkeep
|turn|23
|
|t:|1635452310
|switch|p2a: Gligar|Gligar, F|95/100
|move|p1a: Heracross|Megahorn|p2a: Gligar
|-resisted|p2a: Gligar
|-damage|p2a: Gligar|75/100
|
|upkeep
|turn|24
|
|t:|1635452327
|switch|p1a: Blastoise|Blastoise, F|100/100
|move|p2a: Gligar|U-turn|p1a: Blastoise
|-damage|p1a: Blastoise|92/100
|
|t:|1635452344
|switch|p2a: Blastoise|Blastoise, F|88/100|[from]move: U-turn
|
|-heal|p1a: Blastoise|98/100|[from] item: Leftovers
|-heal|p2a: Blastoise|94/100|[from] item: Leftovers
|upkeep
|turn|25
|
|t:|1635452353
|switch|p1a: Bronzong|Bronzong|32/100 brn
|move|p2a: Blastoise|Scald|p1a: Bronzong
|-damage|p1a: Bronzong|16/100 brn
|
|-heal|p2a: Blastoise|99/100|[from] item: Leftovers
|-heal|p1a: Bronzong|22/100 brn|[from] item: Leftovers
|-damage|p1a: Bronzong|10/100 brn|[from] brn
|upkeep
|turn|26
|
|t:|1635452362
|switch|p1a: Blastoise|Blastoise, F|98/100
|move|p2a: Blastoise|Scald|p1a: Blastoise
|-resisted|p1a: Blastoise
|-damage|p1a: Blastoise|88/100
|-status|p1a: Blastoise|brn
|
|-heal|p1a: Blastoise|94/100 brn|[from] item: Leftovers
|-heal|p2a: Blastoise|100/100|[from] item: Leftovers
|-damage|p1a: Blastoise|82/100 brn|[from] brn
|upkeep
|turn|27
|j|@laevin
|
|t:|1635452368
|move|p1a: Blastoise|Toxic|p2a: Blastoise
|-status|p2a: Blastoise|tox
|move|p2a: Blastoise|Scald|p1a: Blastoise
|-resisted|p1a: Blastoise
|-damage|p1a: Blastoise|70/100 brn
|
|-heal|p1a: Blastoise|76/100 brn|[from] item: Leftovers
|-damage|p2a: Blastoise|94/100 tox|[from] psn
|-damage|p1a: Blastoise|63/100 brn|[from] brn
|upkeep
|turn|28
|
|t:|1635452383
|switch|p1a: Raikou|Raikou|100/100
|-ability|p1a: Raikou|Pressure
|move|p2a: Blastoise|Refresh|p2a: Blastoise
|-curestatus|p2a: Blastoise|tox|[msg]
|
|-heal|p2a: Blastoise|100/100|[from] item: Leftovers
|upkeep
|turn|29
|
|t:|1635452395
|switch|p1a: Heracross|Heracross, M|100/100
|switch|p2a: Snorlax|Snorlax, F, shiny|98/100
|
|-heal|p2a: Snorlax|100/100|[from] item: Leftovers
|upkeep
|turn|30
|
|t:|1635452406
|switch|p2a: Gligar|Gligar, F|75/100
|move|p1a: Heracross|Close Combat|p2a: Gligar
|-resisted|p2a: Gligar
|-damage|p2a: Gligar|52/100
|-unboost|p1a: Heracross|def|1
|-unboost|p1a: Heracross|spd|1
|
|upkeep
|turn|31
|
|t:|1635452409
|move|p1a: Heracross|Close Combat|p2a: Gligar
|-resisted|p2a: Gligar
|-damage|p2a: Gligar|27/100
|-unboost|p1a: Heracross|def|1
|-unboost|p1a: Heracross|spd|1
|move|p2a: Gligar|Roost|p2a: Gligar
|-heal|p2a: Gligar|77/100
|-singleturn|p2a: Gligar|move: Roost
|
|upkeep
|turn|32
|
|t:|1635452419
|switch|p1a: Bronzong|Bronzong|10/100 brn
|move|p2a: Gligar|Stealth Rock|p1a: Bronzong
|-sidestart|p1: Lucky-Sama|move: Stealth Rock
|
|-heal|p1a: Bronzong|16/100 brn|[from] item: Leftovers
|-damage|p1a: Bronzong|4/100 brn|[from] brn
|upkeep
|turn|33
|
|t:|1635452425
|move|p2a: Gligar|U-turn|p1a: Bronzong
|-damage|p1a: Bronzong|0 fnt
|faint|p1a: Bronzong
|
|t:|1635452428
|switch|p2a: Victini|Victini|100/100|[from]move: U-turn
|
|upkeep
|
|t:|1635452435
|switch|p1a: Nidoqueen|Nidoqueen, F|64/100
|-damage|p1a: Nidoqueen|58/100|[from] Stealth Rock
|turn|34
|
|t:|1635452443
|move|p2a: Victini|Blue Flare|p1a: Nidoqueen
|-damage|p1a: Nidoqueen|0 fnt
|faint|p1a: Nidoqueen
|
|upkeep
|
|t:|1635452446
|switch|p1a: Blastoise|Blastoise, F|63/100 brn
|-damage|p1a: Blastoise|51/100 brn|[from] Stealth Rock
|turn|35
|
|t:|1635452450
|move|p2a: Victini|Grass Knot|p1a: Blastoise
|-supereffective|p1a: Blastoise
|-damage|p1a: Blastoise|9/100 brn
|move|p1a: Blastoise|Rapid Spin|p2a: Victini
|-damage|p2a: Victini|99/100
|-sideend|p1: Lucky-Sama|Stealth Rock|[from] move: Rapid Spin|[of] p1a: Blastoise
|
|-heal|p1a: Blastoise|15/100 brn|[from] item: Leftovers
|-damage|p1a: Blastoise|2/100 brn|[from] brn
|upkeep
|turn|36
|
|t:|1635452457
|move|p2a: Victini|Grass Knot|p1a: Blastoise
|-supereffective|p1a: Blastoise
|-damage|p1a: Blastoise|0 fnt
|faint|p1a: Blastoise
|
|upkeep
|
|t:|1635452464
|switch|p1a: Raikou|Raikou|100/100
|-ability|p1a: Raikou|Pressure
|turn|37
|
|t:|1635452469
|move|p1a: Raikou|Calm Mind|p1a: Raikou
|-boost|p1a: Raikou|spa|1
|-boost|p1a: Raikou|spd|1
|move|p2a: Victini|U-turn|p1a: Raikou
|-damage|p1a: Raikou|79/100
|
|t:|1635452471
|switch|p2a: Snorlax|Snorlax, F, shiny|100/100|[from]move: U-turn
|
|-heal|p1a: Raikou|85/100|[from] item: Leftovers
|upkeep
|turn|38
|
|t:|1635452476
|move|p1a: Raikou|Thunderbolt|p2a: Snorlax
|-damage|p2a: Snorlax|67/100
|move|p2a: Snorlax|Body Slam|p1a: Raikou
|-damage|p1a: Raikou|40/100
|
|-heal|p1a: Raikou|46/100|[from] item: Leftovers
|-heal|p2a: Snorlax|73/100|[from] item: Leftovers
|upkeep
|turn|39
|
|t:|1635452484
|move|p1a: Raikou|Thunderbolt|p2a: Snorlax
|-damage|p2a: Snorlax|39/100
|-status|p2a: Snorlax|par
|cant|p2a: Snorlax|par
|
|-heal|p1a: Raikou|53/100|[from] item: Leftovers
|-heal|p2a: Snorlax|45/100 par|[from] item: Leftovers
|upkeep
|turn|40
|
|t:|1635452489
|move|p1a: Raikou|Thunderbolt|p2a: Snorlax
|-damage|p2a: Snorlax|12/100 par
|move|p2a: Snorlax|Body Slam|p1a: Raikou
|-damage|p1a: Raikou|9/100
|
|-heal|p1a: Raikou|15/100|[from] item: Leftovers
|-heal|p2a: Snorlax|18/100 par|[from] item: Leftovers
|upkeep
|turn|41
|
|t:|1635452496
|move|p1a: Raikou|Thunderbolt|p2a: Snorlax
|-damage|p2a: Snorlax|0 fnt
|faint|p2a: Snorlax
|
|-heal|p1a: Raikou|22/100|[from] item: Leftovers
|upkeep
|
|t:|1635452498
|switch|p2a: Darmanitan|Darmanitan, M|100/100
|turn|42
|
|t:|1635452509
|move|p2a: Darmanitan|Flare Blitz|p1a: Raikou
|-damage|p1a: Raikou|0 fnt
|faint|p1a: Raikou
|-damage|p2a: Darmanitan|94/100|[from] Recoil
|
|upkeep
|
|t:|1635452512
|switch|p1a: Victini|Victini|98/100
|turn|43
|
|t:|1635452529
|switch|p2a: Arcanine|Arcanine, F|71/100
|-ability|p2a: Arcanine|Intimidate|boost
|-unboost|p1a: Victini|atk|1
|move|p1a: Victini|U-turn|p2a: Arcanine
|-resisted|p2a: Arcanine
|-damage|p2a: Arcanine|62/100
|
|t:|1635452536
|switch|p1a: Heracross|Heracross, M|100/100|[from]move: U-turn
|
|upkeep
|turn|44
|
|t:|1635452544
|move|p2a: Arcanine|Flare Blitz|p1a: Heracross
|-supereffective|p1a: Heracross
|-damage|p1a: Heracross|0 fnt
|faint|p1a: Heracross
|-damage|p2a: Arcanine|31/100|[from] Recoil
|-damage|p2a: Arcanine|21/100|[from] item: Life Orb
|
|upkeep
|
|t:|1635452547
|switch|p1a: Victini|Victini|98/100
|turn|45
|
|t:|1635452553
|move|p2a: Arcanine|Extreme Speed|p1a: Victini
|-damage|p1a: Victini|65/100
|-damage|p2a: Arcanine|11/100|[from] item: Life Orb
|move|p1a: Victini|V-create|p2a: Arcanine
|-resisted|p2a: Arcanine
|-damage|p2a: Arcanine|0 fnt
|-unboost|p1a: Victini|spe|1
|-unboost|p1a: Victini|def|1
|-unboost|p1a: Victini|spd|1
|faint|p2a: Arcanine
|
|upkeep
|
|t:|1635452558
|switch|p2a: Darmanitan|Darmanitan, M|94/100
|turn|46
|
|t:|1635452562
|move|p2a: Darmanitan|Flare Blitz|p1a: Victini
|-resisted|p1a: Victini
|-damage|p1a: Victini|4/100
|-damage|p2a: Darmanitan|75/100|[from] Recoil
|move|p1a: Victini|V-create|p2a: Darmanitan
|-resisted|p2a: Darmanitan
|-damage|p2a: Darmanitan|11/100
|-unboost|p1a: Victini|spe|1
|-unboost|p1a: Victini|def|1
|-unboost|p1a: Victini|spd|1
|
|upkeep
|turn|47
|
|t:|1635452568
|move|p2a: Darmanitan|Flare Blitz|p1a: Victini
|-resisted|p1a: Victini
|-damage|p1a: Victini|0 fnt
|faint|p1a: Victini
|-damage|p2a: Darmanitan|10/100|[from] Recoil
|
|win|Odell Beckham Jr.
|n|☆Lucky-Sama|luckysama
|n|☆Odell Beckham Jr.|odellbeckhamjr
|n| Dunoks|dunoks
|n| laevin|laevin
|c|☆Odell Beckham Jr.|gg
|c|☆Lucky-Sama|Ggs
|l| laevin
|l|☆Odell Beckham Jr.
