|j|☆Meme Papi
|j|☆jahmille118
|t:|1641911886
|gametype|singles
|player|p1|Meme Papi|102|1168
|player|p2|jahmille118|266|1043
|teamsize|p1|6
|teamsize|p2|6
|gen|5
|tier|[Gen 5] NU
|rated|
|rule|Species Clause: Limit one of each Pokémon
|rule|OHKO Clause: OHKO moves are banned
|rule|Moody Clause: Moody is banned
|rule|Evasion Moves Clause: Evasion moves are banned
|rule|Endless Battle Clause: Forcing endless battles is banned
|rule|HP Percentage Mod: HP is shown in percentages
|rule|Evasion Abilities Clause: Evasion abilities are banned
|rule|Swagger Clause: Swagger is banned
|rule|Baton Pass Clause: Limit one Baton Passer, can't pass Spe and other stats simultaneously
|rule|Sleep Clause Mod: Limit one foe put to sleep
|clearpoke
|poke|p1|Duosion, M|item
|poke|p1|Kadabra, F|item
|poke|p1|Garbodor, M|item
|poke|p1|Basculin, M|item
|poke|p1|Kangaskhan, F|item
|poke|p1|Alomomola, F|item
|poke|p2|Audino, M|item
|poke|p2|Musharna, M|item
|poke|p2|Rampardos, M|item
|poke|p2|Eelektross, F|item
|poke|p2|Banette, F|item
|poke|p2|Kingler, F|item
|teampreview
|inactive|Battle timer is ON: inactive players will automatically lose when time's up. (requested by Meme Papi)
|inactive|jahmille118 has 120 seconds left.
|inactive|jahmille118 has 90 seconds left.
|inactive|jahmille118 has 60 seconds left.
|
|t:|1641912005
|start
|switch|p1a: Garbodor|Garbodor, M|100/100
|switch|p2a: Banette|Banette, F|100/100
|turn|1
|
|t:|1641912014
|switch|p2a: Musharna|Musharna, M|100/100
|move|p1a: Garbodor|Toxic Spikes|p2a: Musharna
|-sidestart|p2: jahmille118|move: Toxic Spikes
|
|upkeep
|turn|2
|
|t:|1641912029
|switch|p1a: Basculin|Basculin, M|100/100
|move|p2a: Musharna|Psychic|p1a: Basculin
|-damage|p1a: Basculin|0 fnt
|faint|p1a: Basculin
|-damage|p2a: Musharna|91/100|[from] item: Life Orb
|
|upkeep
|
|t:|1641912039
|switch|p1a: Kangaskhan|Kangaskhan, F|100/100
|turn|3
|inactive|jahmille118 has 120 seconds left.
|
|t:|1641912067
|switch|p2a: Banette|Banette, F|100/100
|-status|p2a: Banette|psn
|move|p1a: Kangaskhan|Fake Out|p2a: Banette
|-damage|p2a: Banette|72/100 psn
|
|-damage|p2a: Banette|59/100 psn|[from] psn
|upkeep
|turn|4
|
|t:|1641912076
|move|p1a: Kangaskhan|Sucker Punch||[still]
|-fail|p1a: Kangaskhan
|move|p2a: Banette|Trick Room|p2a: Banette
|-fieldstart|move: Trick Room|[of] p2a: Banette
|
|-damage|p2a: Banette|47/100 psn|[from] psn
|upkeep
|turn|5
|
|t:|1641912082
|move|p1a: Kangaskhan|Sucker Punch|p2a: Banette
|-supereffective|p2a: Banette
|-damage|p2a: Banette|0 fnt
|faint|p2a: Banette
|
|upkeep
|
|t:|1641912091
|switch|p2a: Eelektross|Eelektross, F|100/100
|turn|6
|inactive|jahmille118 has 120 seconds left.
|
|t:|1641912097
|move|p2a: Eelektross|Flamethrower|p1a: Kangaskhan
|-damage|p1a: Kangaskhan|50/100
|-damage|p2a: Eelektross|91/100|[from] item: Life Orb
|move|p1a: Kangaskhan|Return|p2a: Eelektross
|-damage|p2a: Eelektross|36/100
|
|upkeep
|turn|7
|inactive|jahmille118 has 120 seconds left.
|
|t:|1641912116
|switch|p2a: Audino|Audino, M|100/100
|-status|p2a: Audino|psn
|move|p1a: Kangaskhan|Sucker Punch||[still]
|-fail|p1a: Kangaskhan
|
|-damage|p2a: Audino|88/100 psn|[from] psn
|upkeep
|turn|8
|inactive|jahmille118 has 120 seconds left.
|
|t:|1641912124
|switch|p1a: Garbodor|Garbodor, M|100/100
|move|p2a: Audino|Hyper Voice|p1a: Garbodor
|-crit|p1a: Garbodor
|-damage|p1a: Garbodor|48/100
|
|-heal|p2a: Audino|94/100 psn|[from] item: Leftovers
|-heal|p1a: Garbodor|54/100|[from] item: Black Sludge
|-damage|p2a: Audino|82/100 psn|[from] psn
|-fieldend|move: Trick Room
|upkeep
|turn|9
|inactive|jahmille118 has 120 seconds left.
|
|t:|1641912138
|move|p1a: Garbodor|Pain Split|p2a: Audino
|-sethp|p2a: Audino|67/100 psn|[from] move: Pain Split|[silent]
|-sethp|p1a: Garbodor|70/100|[from] move: Pain Split
|move|p2a: Audino|Calm Mind|p2a: Audino
|-boost|p2a: Audino|spa|1
|-boost|p2a: Audino|spd|1
|
|-heal|p1a: Garbodor|77/100|[from] item: Black Sludge
|-heal|p2a: Audino|73/100 psn|[from] item: Leftovers
|-damage|p2a: Audino|60/100 psn|[from] psn
|upkeep
|turn|10
|inactive|jahmille118 has 120 seconds left.
|
|t:|1641912155
|move|p1a: Garbodor|Toxic Spikes|p2a: Audino
|-sidestart|p2: jahmille118|move: Toxic Spikes
|move|p2a: Audino|Trick Room|p2a: Audino
|-fieldstart|move: Trick Room|[of] p2a: Audino
|
|-heal|p2a: Audino|67/100 psn|[from] item: Leftovers
|-heal|p1a: Garbodor|83/100|[from] item: Black Sludge
|-damage|p2a: Audino|54/100 psn|[from] psn
|upkeep
|turn|11
|inactive|jahmille118 has 120 seconds left.
|
|t:|1641912165
|move|p2a: Audino|Hyper Voice|p1a: Garbodor
|-damage|p1a: Garbodor|41/100
|move|p1a: Garbodor|Spikes|p2a: Audino
|-sidestart|p2: jahmille118|Spikes
|
|-heal|p2a: Audino|60/100 psn|[from] item: Leftovers
|-heal|p1a: Garbodor|47/100|[from] item: Black Sludge
|-damage|p2a: Audino|48/100 psn|[from] psn
|upkeep
|turn|12
|
|t:|1641912173
|move|p2a: Audino|Hyper Voice|p1a: Garbodor
|-damage|p1a: Garbodor|9/100
|move|p1a: Garbodor|Pain Split|p2a: Audino
|-sethp|p2a: Audino|28/100 psn|[from] move: Pain Split|[silent]
|-sethp|p1a: Garbodor|30/100|[from] move: Pain Split
|
|-heal|p2a: Audino|35/100 psn|[from] item: Leftovers
|-heal|p1a: Garbodor|36/100|[from] item: Black Sludge
|-damage|p2a: Audino|22/100 psn|[from] psn
|upkeep
|turn|13
|
|t:|1641912183
|move|p2a: Audino|Hyper Voice|p1a: Garbodor
|-damage|p1a: Garbodor|0 fnt
|faint|p1a: Garbodor
|
|-heal|p2a: Audino|28/100 psn|[from] item: Leftovers
|-damage|p2a: Audino|16/100 psn|[from] psn
|upkeep
|
|t:|1641912195
|switch|p1a: Duosion|Duosion, M|100/100
|turn|14
|
|t:|1641912201
|move|p1a: Duosion|Psychic|p2a: Audino
|-damage|p2a: Audino|0 fnt
|faint|p2a: Audino
|
|-fieldend|move: Trick Room
|upkeep
|
|t:|1641912216
|switch|p2a: Rampardos|Rampardos, M|100/100
|-status|p2a: Rampardos|tox
|-damage|p2a: Rampardos|88/100 tox|[from] Spikes
|turn|15
|
|t:|1641912222
|move|p2a: Rampardos|Rock Slide|p1a: Duosion
|-damage|p1a: Duosion|3/100
|move|p1a: Duosion|Energy Ball|p2a: Rampardos
|-supereffective|p2a: Rampardos
|-damage|p2a: Rampardos|0 fnt
|faint|p2a: Rampardos
|
|upkeep
|
|t:|1641912230
|switch|p2a: Eelektross|Eelektross, F|36/100
|turn|16
|
|t:|1641912236
|move|p2a: Eelektross|Volt Switch|p1a: Duosion
|-crit|p1a: Duosion
|-damage|p1a: Duosion|0 fnt
|faint|p1a: Duosion
|-damage|p2a: Eelektross|26/100|[from] item: Life Orb
|
|t:|1641912248
|switch|p2a: Musharna|Musharna, M|91/100|[from]move: Volt Switch
|-damage|p2a: Musharna|78/100|[from] Spikes
|-status|p2a: Musharna|tox
|
|-damage|p2a: Musharna|72/100 tox|[from] psn
|upkeep
|
|t:|1641912261
|switch|p1a: Kadabra|Kadabra, F|100/100
|turn|17
|
|t:|1641912266
|move|p1a: Kadabra|Shadow Ball|p2a: Musharna
|-supereffective|p2a: Musharna
|-crit|p2a: Musharna
|-damage|p2a: Musharna|0 fnt
|faint|p2a: Musharna
|
|upkeep
|
|t:|1641912271
|switch|p2a: Kingler|Kingler, F|100/100
|-damage|p2a: Kingler|88/100|[from] Spikes
|-status|p2a: Kingler|tox
|turn|18
|
|t:|1641912281
|move|p1a: Kadabra|Energy Ball|p2a: Kingler
|-supereffective|p2a: Kingler
|-damage|p2a: Kingler|0 fnt
|faint|p2a: Kingler
|
|upkeep
|-message|jahmille118 forfeited.
|
|win|Meme Papi
|raw|Meme Papi's rating: 1168 &rarr; <strong>1184</strong><br />(+16 for winning)
|raw|jahmille118's rating: 1043 &rarr; <strong>1032</strong><br />(-11 for losing)
