|j|☆rexxonmobile
|j|‽VIdasi
|t:|1643895244
|gametype|singles
|player|p1|rexxonmobile|170|1142
|player|p2|VIdasi|caitlin|1181
|teamsize|p1|6
|teamsize|p2|6
|gen|5
|tier|[Gen 5] OU
|rated|
|rule|Species Clause: Limit one of each Pokémon
|rule|OHKO Clause: OHKO moves are banned
|rule|Moody Clause: Moody is banned
|rule|Evasion Moves Clause: Evasion moves are banned
|rule|Endless Battle Clause: Forcing endless battles is banned
|rule|HP Percentage Mod: HP is shown in percentages
|rule|Evasion Abilities Clause: Evasion abilities are banned
|rule|Sleep Clause: Sleep-inducing moves are banned
|rule|Swagger Clause: Swagger is banned
|clearpoke
|poke|p1|Politoed, F|item
|poke|p1|Tentacruel, F|item
|poke|p1|Jirachi|item
|poke|p1|Thundurus-Therian, M|item
|poke|p1|Breloom, M|item
|poke|p1|Latios, M|item
|poke|p2|Bisharp, F|item
|poke|p2|Bronzong|item
|poke|p2|Empoleon, M|item
|poke|p2|Scizor, F|item
|poke|p2|Reuniclus, F|item
|poke|p2|Conkeldurr, F|item
|teampreview
|
|t:|1643895254
|start
|switch|p1a: Breloom|Breloom, M|100/100
|switch|p2a: Empoleon|Empoleon, M|100/100
|turn|1
|inactive|Battle timer is ON: inactive players will automatically lose when time's up. (requested by VIdasi)
|
|t:|1643895264
|move|p1a: Breloom|Substitute|p1a: Breloom
|-start|p1a: Breloom|Substitute
|-damage|p1a: Breloom|76/100
|move|p2a: Empoleon|Ice Beam|p1a: Breloom
|-supereffective|p1a: Breloom
|-end|p1a: Breloom|Substitute
|
|-status|p1a: Breloom|tox|[from] item: Toxic Orb
|upkeep
|turn|2
|
|t:|1643895273
|move|p1a: Breloom|Drain Punch|p2a: Empoleon
|-supereffective|p2a: Empoleon
|-damage|p2a: Empoleon|26/100
|-heal|p1a: Breloom|100/100 tox|[from] drain|[of] p2a: Empoleon
|-damage|p1a: Breloom|84/100 tox|[from] item: Rocky Helmet|[of] p2a: Empoleon
|move|p2a: Empoleon|Ice Beam|p1a: Breloom
|-supereffective|p1a: Breloom
|-damage|p1a: Breloom|0 fnt
|faint|p1a: Breloom
|
|upkeep
|
|t:|1643895285
|switch|p1a: Jirachi|Jirachi|100/100
|turn|3
|
|t:|1643895295
|switch|p2a: Bronzong|Bronzong, shiny|100/100
|move|p1a: Jirachi|Stealth Rock|p2a: Bronzong
|-sidestart|p2: VIdasi|move: Stealth Rock
|
|upkeep
|turn|4
|
|t:|1643895301
|move|p1a: Jirachi|U-turn|p2a: Bronzong
|-damage|p2a: Bronzong|85/100
|
|t:|1643895304
|switch|p1a: Tentacruel|Tentacruel, F|100/100|[from]move: U-turn
|move|p2a: Bronzong|Trick Room|p2a: Bronzong
|-fieldstart|move: Trick Room|[of] p2a: Bronzong
|
|upkeep
|turn|5
|
|t:|1643895312
|move|p2a: Bronzong|Earthquake|p1a: Tentacruel
|-supereffective|p1a: Tentacruel
|-damage|p1a: Tentacruel|33/100
|move|p1a: Tentacruel|Scald|p2a: Bronzong
|-damage|p2a: Bronzong|63/100
|-status|p2a: Bronzong|brn
|
|-heal|p1a: Tentacruel|39/100|[from] item: Black Sludge
|-damage|p2a: Bronzong|51/100 brn|[from] brn
|upkeep
|turn|6
|
|t:|1643895323
|move|p1a: Tentacruel|Protect|p1a: Tentacruel
|-singleturn|p1a: Tentacruel|Protect
|move|p2a: Bronzong|Earthquake|p1a: Tentacruel
|-activate|p1a: Tentacruel|move: Protect
|
|-heal|p1a: Tentacruel|45/100|[from] item: Black Sludge
|-damage|p2a: Bronzong|38/100 brn|[from] brn
|upkeep
|turn|7
|
|t:|1643895338
|switch|p2a: Reuniclus|Reuniclus, F, shiny|100/100
|switch|p1a: Politoed|Politoed, F|100/100
|-weather|RainDance|[from] ability: Drizzle|[of] p1a: Politoed
|
|-weather|RainDance|[upkeep]
|upkeep
|turn|8
|
|t:|1643895348
|move|p1a: Politoed|Protect|p1a: Politoed
|-singleturn|p1a: Politoed|Protect
|move|p2a: Reuniclus|Psyshock|p1a: Politoed
|-activate|p1a: Politoed|move: Protect
|
|-weather|RainDance|[upkeep]
|-fieldend|move: Trick Room
|upkeep
|turn|9
|
|t:|1643895357
|move|p1a: Politoed|Scald|p2a: Reuniclus
|-damage|p2a: Reuniclus|62/100
|-status|p2a: Reuniclus|brn
|move|p2a: Reuniclus|Trick Room|p2a: Reuniclus
|-fieldstart|move: Trick Room|[of] p2a: Reuniclus
|
|-weather|RainDance|[upkeep]
|upkeep
|turn|10
|
|t:|1643895366
|switch|p1a: Jirachi|Jirachi|100/100
|move|p2a: Reuniclus|Focus Blast|p1a: Jirachi|[miss]
|-miss|p2a: Reuniclus|p1a: Jirachi
|
|-weather|RainDance|[upkeep]
|upkeep
|turn|11
|
|t:|1643895375
|move|p2a: Reuniclus|Focus Blast|p1a: Jirachi
|-damage|p1a: Jirachi|73/100
|move|p1a: Jirachi|Wish|p1a: Jirachi
|
|-weather|RainDance|[upkeep]
|-heal|p1a: Jirachi|79/100|[from] item: Leftovers
|upkeep
|turn|12
|
|t:|1643895385
|move|p2a: Reuniclus|Recover|p2a: Reuniclus
|-heal|p2a: Reuniclus|100/100 brn
|move|p1a: Jirachi|Iron Head|p2a: Reuniclus
|-damage|p2a: Reuniclus|71/100 brn
|
|-weather|RainDance|[upkeep]
|-heal|p1a: Jirachi|100/100|[from] move: Wish|[wisher] Jirachi
|upkeep
|turn|13
|
|t:|1643895394
|move|p2a: Reuniclus|Recover|p2a: Reuniclus
|-heal|p2a: Reuniclus|100/100 brn
|move|p1a: Jirachi|U-turn|p2a: Reuniclus
|-supereffective|p2a: Reuniclus
|-damage|p2a: Reuniclus|66/100 brn
|
|t:|1643895401
|switch|p1a: Latios|Latios, M|100/100|[from]move: U-turn
|
|-weather|RainDance|[upkeep]
|-fieldend|move: Trick Room
|upkeep
|turn|14
|
|t:|1643895408
|move|p1a: Latios|Trick|p2a: Reuniclus
|-activate|p1a: Latios|move: Trick|[of] p2a: Reuniclus
|-item|p2a: Reuniclus|Choice Specs|[from] move: Trick
|-item|p1a: Latios|Wide Lens|[from] move: Trick
|move|p2a: Reuniclus|Trick Room|p2a: Reuniclus
|-fieldstart|move: Trick Room|[of] p2a: Reuniclus
|
|-weather|RainDance|[upkeep]
|upkeep
|turn|15
|
|t:|1643895421
|switch|p2a: Bisharp|Bisharp, F|100/100
|-damage|p2a: Bisharp|95/100|[from] Stealth Rock
|switch|p1a: Tentacruel|Tentacruel, F|45/100
|
|-weather|RainDance|[upkeep]
|-heal|p1a: Tentacruel|51/100|[from] ability: Rain Dish
|-heal|p1a: Tentacruel|58/100|[from] item: Black Sludge
|upkeep
|turn|16
|
|t:|1643895432
|move|p2a: Bisharp|Swords Dance|p2a: Bisharp
|-boost|p2a: Bisharp|atk|2
|move|p1a: Tentacruel|Substitute|p1a: Tentacruel
|-start|p1a: Tentacruel|Substitute
|-damage|p1a: Tentacruel|33/100
|
|-weather|RainDance|[upkeep]
|-heal|p1a: Tentacruel|39/100|[from] ability: Rain Dish
|-heal|p1a: Tentacruel|45/100|[from] item: Black Sludge
|upkeep
|turn|17
|
|t:|1643895442
|move|p1a: Tentacruel|Protect|p1a: Tentacruel
|-singleturn|p1a: Tentacruel|Protect
|move|p2a: Bisharp|Sucker Punch||[still]
|-fail|p2a: Bisharp
|
|-weather|RainDance|[upkeep]
|-heal|p1a: Tentacruel|51/100|[from] ability: Rain Dish
|-heal|p1a: Tentacruel|57/100|[from] item: Black Sludge
|upkeep
|turn|18
|
|t:|1643895453
|move|p2a: Bisharp|Sucker Punch||[still]
|-fail|p2a: Bisharp
|move|p1a: Tentacruel|Substitute|p1a: Tentacruel
|-fail|p1a: Tentacruel|move: Substitute
|
|-weather|RainDance|[upkeep]
|-heal|p1a: Tentacruel|63/100|[from] ability: Rain Dish
|-heal|p1a: Tentacruel|69/100|[from] item: Black Sludge
|-fieldend|move: Trick Room
|upkeep
|turn|19
|
|t:|1643895462
|move|p1a: Tentacruel|Scald|p2a: Bisharp
|-damage|p2a: Bisharp|46/100
|move|p2a: Bisharp|Psycho Cut|p1a: Tentacruel
|-supereffective|p1a: Tentacruel
|-end|p1a: Tentacruel|Substitute
|-damage|p2a: Bisharp|36/100|[from] item: Life Orb
|
|-weather|RainDance|[upkeep]
|-heal|p1a: Tentacruel|75/100|[from] ability: Rain Dish
|-heal|p1a: Tentacruel|81/100|[from] item: Black Sludge
|upkeep
|turn|20
|
|t:|1643895474
|move|p2a: Bisharp|Sucker Punch||[still]
|-fail|p2a: Bisharp
|move|p1a: Tentacruel|Substitute|p1a: Tentacruel
|-start|p1a: Tentacruel|Substitute
|-damage|p1a: Tentacruel|56/100
|
|-weather|RainDance|[upkeep]
|-heal|p1a: Tentacruel|62/100|[from] ability: Rain Dish
|-heal|p1a: Tentacruel|69/100|[from] item: Black Sludge
|upkeep
|turn|21
|-message|VIdasi forfeited.
|
|win|rexxonmobile
|raw|rexxonmobile's rating: 1142 &rarr; <strong>1170</strong><br />(+28 for winning)
|raw|VIdasi's rating: 1181 &rarr; <strong>1153</strong><br />(-28 for losing)
|l|‽VIdasi
