|j|☆Bigtimemantis66
|j|☆Juan13pro↝
|inactive|Battle timer is ON: inactive players will automatically lose when time's up.
|t:|1623947172
|gametype|singles
|player|p1|Bigtimemantis66|janitor|
|player|p2|Juan13pro↝|valerie|
|teamsize|p1|6
|teamsize|p2|6
|gen|5
|tier|[Gen 5] LC
|rated|Tournament battle
|rule|Species Clause: Limit one of each Pokémon
|rule|OHKO Clause: OHKO moves are banned
|rule|Moody Clause: Moody is banned
|rule|Evasion Moves Clause: Evasion moves are banned
|rule|Endless Battle Clause: Forcing endless battles is banned
|rule|HP Percentage Mod: HP is shown in percentages
|rule|Sleep Clause: Sleep-inducing moves are banned
|clearpoke
|poke|p1|Houndour, L5, M|item
|poke|p1|Elekid, L5, F|item
|poke|p1|Bronzor, L5|item
|poke|p1|Gastly, L5, M|item
|poke|p1|Mankey, L5, M|item
|poke|p1|Snover, L5, M|item
|poke|p2|Clamperl, L5, M|item
|poke|p2|Mienfoo, L5, M|item
|poke|p2|Wynaut, L5, M|item
|poke|p2|Foongus, L5, M|item
|poke|p2|Chinchou, L5, M|item
|poke|p2|Pawniard, L5, F|item
|teampreview
|j| Blazikenita
|j| Ray22-1
|j| JeremyDF
|c| Blazikenita|alv
|l| JeremyDF
|j| Erik29
|c| Blazikenita|juanpro gana
|j| robnero
|c| Blazikenita|te lo ruego
|j| marlongogetaxd2
|c| Blazikenita|porfavor
|
|t:|1623947200
|start
|switch|p1a: Bronzor|Bronzor, L5|100/100
|switch|p2a: Mienfoo|Mienfoo, L5, M|100/100
|turn|1
|l| marlongogetaxd2
|c| Blazikenita|si quieres mi consejo
|
|t:|1623947210
|move|p2a: Mienfoo|Knock Off|p1a: Bronzor
|-damage|p1a: Bronzor|88/100
|-enditem|p1a: Bronzor|Oran Berry|[from] move: Knock Off|[of] p2a: Mienfoo
|move|p1a: Bronzor|Stealth Rock|p2a: Mienfoo
|-sidestart|p2: Juan13pro↝|move: Stealth Rock
|
|upkeep
|turn|2
|c| Blazikenita|matalo con moves electricos
|
|t:|1623947222
|move|p2a: Mienfoo|U-turn|p1a: Bronzor
|-damage|p1a: Bronzor|68/100
|
|t:|1623947227
|switch|p2a: Pawniard|Pawniard, L5, F|100/100|[from]move: U-turn
|-damage|p2a: Pawniard|96/100|[from] Stealth Rock
|move|p1a: Bronzor|Psychic|p2a: Pawniard
|-immune|p2a: Pawniard
|
|upkeep
|turn|3
|c| Blazikenita|el acero es 0.5x a dark y ghost
|c| robnero|Quieres que te ganen otra vez? xD
|j| Iamaspanishguy
|c|☆Juan13pro↝|mijo no nací ayer
|
|t:|1623947235
|move|p2a: Pawniard|Substitute|p2a: Pawniard
|-start|p2a: Pawniard|Substitute
|-damage|p2a: Pawniard|73/100
|move|p1a: Bronzor|Earthquake|p2a: Pawniard
|-supereffective|p2a: Pawniard
|-end|p2a: Pawniard|Substitute
|
|upkeep
|turn|4
|c| Blazikenita|no seas menso mijo
|c|☆Juan13pro↝|y tas ghosteando
|j| tontash
|
|t:|1623947242
|move|p2a: Pawniard|Sucker Punch|p1a: Bronzor
|-damage|p1a: Bronzor|32/100
|move|p1a: Bronzor|Earthquake|p2a: Pawniard
|-supereffective|p2a: Pawniard
|-damage|p2a: Pawniard|37/100
|
|upkeep
|turn|5
|
|t:|1623947247
|move|p2a: Pawniard|Sucker Punch|p1a: Bronzor
|-damage|p1a: Bronzor|0 fnt
|faint|p1a: Bronzor
|
|upkeep
|j| Draken29
|c| Blazikenita|bueno
|c| Blazikenita|si funciono
|c| Blazikenita|eh
|c| Blazikenita|bueno
|
|t:|1623947268
|switch|p1a: Mankey|Mankey, L5, M|100/100
|turn|6
|
|t:|1623947273
|switch|p2a: Foongus|Foongus, L5, M|100/100
|-damage|p2a: Foongus|89/100|[from] Stealth Rock
|move|p1a: Mankey|Close Combat|p2a: Foongus
|-resisted|p2a: Foongus
|-damage|p2a: Foongus|70/100
|-unboost|p1a: Mankey|def|1
|-unboost|p1a: Mankey|spd|1
|
|upkeep
|turn|7
|c| Blazikenita|recien desde la 6th gen el acero deja de ser 0,5x a dark y ghost
|c|☆Juan13pro↝|._ .
|
|t:|1623947299
|switch|p1a: Snover|Snover, L5, M|100/100
|-weather|Hail|[from] ability: Snow Warning|[of] p1a: Snover
|move|p2a: Foongus|Stun Spore|p1a: Snover
|-status|p1a: Snover|par
|
|-weather|Hail|[upkeep]
|-damage|p2a: Foongus|66/100|[from] Hail
|upkeep
|turn|8
|c| Iamaspanishguy|y metagros quedo como ._.
|c| Blazikenita|brozong puede tener ignifugo o levitacion
|l| tontash
|c|☆Juan13pro↝|pa
|
|t:|1623947314
|switch|p2a: Mienfoo|Mienfoo, L5, M|100/100
|-damage|p2a: Mienfoo|96/100|[from] Stealth Rock
|move|p1a: Snover|Hidden Power|p2a: Mienfoo
|-damage|p2a: Mienfoo|79/100
|
|-weather|Hail|[upkeep]
|-damage|p2a: Mienfoo|74/100|[from] Hail
|upkeep
|turn|9
|c|☆Juan13pro↝|sabes que lo que andas haciendo
|c|☆Juan13pro↝|es reportable
|c| Blazikenita|que cosa
|c|☆Juan13pro↝|decir tanta ifnormación
|c|☆Juan13pro↝|información*
|inactive|Bigtimemantis66 has 120 seconds left.
|c|☆Juan13pro↝|para beneficiar
|c|☆Juan13pro↝|a alguien
|c| Blazikenita|a sierto
|c| robnero|telohocico oe
|c| Blazikenita|eh
|
|t:|1623947345
|switch|p1a: Gastly|Gastly, L5, M|100/100
|move|p2a: Mienfoo|Drain Punch|p1a: Gastly
|-immune|p1a: Gastly
|
|-weather|Hail|[upkeep]
|-damage|p1a: Gastly|95/100|[from] Hail
|-damage|p2a: Mienfoo|70/100|[from] Hail
|upkeep
|turn|10
|c| Blazikenita|yo estoy hablando a los espectsdores
|c| Blazikenita|no a ustedes
|c| robnero|aja, claro
|c|☆Juan13pro↝|ps vale
|c| Blazikenita|seguro querran saber porque
|inactive|Bigtimemantis66 has 90 seconds left.
|c| robnero|oe solo mira nomas
|
|t:|1623947377
|move|p1a: Gastly|Substitute|p1a: Gastly
|-start|p1a: Gastly|Substitute
|-damage|p1a: Gastly|70/100
|move|p2a: Mienfoo|Knock Off|p1a: Gastly
|-supereffective|p1a: Gastly
|-crit|p1a: Gastly
|-end|p1a: Gastly|Substitute
|
|-weather|Hail|[upkeep]
|-damage|p1a: Gastly|65/100|[from] Hail
|-damage|p2a: Mienfoo|66/100|[from] Hail
|upkeep
|turn|11
|inactive|Bigtimemantis66 has 90 seconds left.
|c| Blazikenita|a mirar se a dicho
|
|t:|1623947391
|move|p1a: Gastly|Sludge Bomb|p2a: Mienfoo
|-damage|p2a: Mienfoo|9/100
|-status|p2a: Mienfoo|psn
|move|p2a: Mienfoo|Knock Off|p1a: Gastly
|-supereffective|p1a: Gastly
|-damage|p1a: Gastly|25/100
|-enditem|p1a: Gastly|Oran Berry|[from] move: Knock Off|[of] p2a: Mienfoo
|
|-weather|Hail|[upkeep]
|-damage|p1a: Gastly|20/100|[from] Hail
|-damage|p2a: Mienfoo|5/100 psn|[from] Hail
|-damage|p2a: Mienfoo|0 fnt|[from] psn
|faint|p2a: Mienfoo
|upkeep
|
|t:|1623947402
|switch|p2a: Pawniard|Pawniard, L5, F|37/100
|-damage|p2a: Pawniard|32/100|[from] Stealth Rock
|turn|12
|
|t:|1623947409
|move|p1a: Gastly|Substitute|p1a: Gastly
|-fail|p1a: Gastly|move: Substitute|[weak]
|move|p2a: Pawniard|Iron Head|p1a: Gastly
|-damage|p1a: Gastly|0 fnt
|faint|p1a: Gastly
|
|-weather|Hail|[upkeep]
|-damage|p2a: Pawniard|28/100|[from] Hail
|upkeep
|j| august2005
|inactive|Bigtimemantis66 has 90 seconds left.
|
|t:|1623947431
|switch|p1a: Mankey|Mankey, L5, M|100/100
|turn|13
|c| Erik29|por fin hizo silencio xd
|
|t:|1623947439
|switch|p2a: Wynaut|Wynaut, L5, M|100/100
|-damage|p2a: Wynaut|89/100|[from] Stealth Rock
|move|p1a: Mankey|Ice Punch|p2a: Wynaut
|-damage|p2a: Wynaut|71/100
|
|-weather|Hail|[upkeep]
|-damage|p1a: Mankey|96/100|[from] Hail
|-damage|p2a: Wynaut|67/100|[from] Hail
|upkeep
|turn|14
|inactive|Bigtimemantis66 has 90 seconds left.
|c|☆Bigtimemantis66|shit
|
|t:|1623947459
|move|p1a: Mankey|Ice Punch|p2a: Wynaut
|-damage|p2a: Wynaut|45/100
|move|p2a: Wynaut|Counter|p1a: Mankey
|-damage|p1a: Mankey|41/100
|
|-weather|Hail|[upkeep]
|-damage|p1a: Mankey|37/100|[from] Hail
|-damage|p2a: Wynaut|41/100|[from] Hail
|upkeep
|turn|15
|
|t:|1623947464
|move|p1a: Mankey|Ice Punch|p2a: Wynaut
|-damage|p2a: Wynaut|19/100
|move|p2a: Wynaut|Counter|p1a: Mankey
|-damage|p1a: Mankey|0 fnt
|faint|p1a: Mankey
|
|-weather|Hail|[upkeep]
|-damage|p2a: Wynaut|15/100|[from] Hail
|upkeep
|c| Iamaspanishguy|a tiene shadow tag verdad
|inactive|Bigtimemantis66 has 90 seconds left.
|l| Draken29
|
|t:|1623947483
|switch|p1a: Houndour|Houndour, L5, M|100/100
|turn|16
|
|t:|1623947486
|move|p1a: Houndour|Pursuit|p2a: Wynaut
|-supereffective|p2a: Wynaut
|-damage|p2a: Wynaut|0 fnt
|faint|p2a: Wynaut
|
|-weather|Hail|[upkeep]
|-damage|p1a: Houndour|96/100|[from] Hail
|upkeep
|j| tontash
|
|t:|1623947513
|switch|p2a: Clamperl|Clamperl, L5, M|100/100
|-damage|p2a: Clamperl|91/100|[from] Stealth Rock
|turn|17
|j| legnita6
|j| hitnopsex48480
|
|t:|1623947522
|move|p1a: Houndour|Sucker Punch||[still]
|-fail|p1a: Houndour
|move|p2a: Clamperl|Shell Smash|p2a: Clamperl
|-unboost|p2a: Clamperl|def|1
|-unboost|p2a: Clamperl|spd|1
|-boost|p2a: Clamperl|atk|2
|-boost|p2a: Clamperl|spa|2
|-boost|p2a: Clamperl|spe|2
|
|-weather|Hail|[upkeep]
|-damage|p2a: Clamperl|86/100|[from] Hail
|-damage|p1a: Houndour|91/100|[from] Hail
|upkeep
|turn|18
|c|☆Bigtimemantis66|a
|
|t:|1623947534
|move|p1a: Houndour|Sucker Punch|p2a: Clamperl
|-damage|p2a: Clamperl|15/100
|-ability|p2a: Clamperl|Rattled|boost
|-boost|p2a: Clamperl|spe|1
|move|p2a: Clamperl|Surf|p1a: Houndour
|-supereffective|p1a: Houndour
|-damage|p1a: Houndour|0 fnt
|faint|p1a: Houndour
|
|-weather|Hail|[upkeep]
|-damage|p2a: Clamperl|10/100|[from] Hail
|upkeep
|l| tontash
|
|t:|1623947539
|switch|p1a: Snover|Snover, L5, M|100/100 par
|turn|19
|
|t:|1623947541
|move|p1a: Snover|Ice Shard|p2a: Clamperl
|-resisted|p2a: Clamperl
|-damage|p2a: Clamperl|0 fnt
|faint|p2a: Clamperl
|
|-weather|Hail|[upkeep]
|upkeep
|c| Blazikenita|a
|
|t:|1623947545
|switch|p2a: Pawniard|Pawniard, L5, F|28/100
|-damage|p2a: Pawniard|23/100|[from] Stealth Rock
|turn|20
|c| Blazikenita|shadow tag
|j| tontash
|c| Erik29|gg
|inactive|Bigtimemantis66 has 120 seconds left.
|c| Blazikenita|gy
|c| Blazikenita|gg
|c| Iamaspanishguy|jj
|
|t:|1623947569
|move|p2a: Pawniard|Iron Head|p1a: Snover
|-supereffective|p1a: Snover
|-damage|p1a: Snover|0 fnt
|faint|p1a: Snover
|
|-weather|Hail|[upkeep]
|-damage|p2a: Pawniard|19/100|[from] Hail
|upkeep
|
|t:|1623947578
|switch|p1a: Elekid|Elekid, L5, F|100/100
|turn|21
|
|t:|1623947588
|move|p2a: Pawniard|Sucker Punch|p1a: Elekid
|-damage|p1a: Elekid|6/100
|move|p1a: Elekid|Thunder Punch|p2a: Pawniard
|-damage|p2a: Pawniard|0 fnt
|faint|p2a: Pawniard
|-damage|p1a: Elekid|0 fnt|[from] item: Life Orb
|faint|p1a: Elekid
|
|win|Juan13pro↝
|n|☆Bigtimemantis66|bigtimemantis66
|n|☆Juan13pro↝|juan13pro
|n| Blazikenita|blazikenita
|n| Ray22-1|ray221
|n| Erik29|erik29
|n| robnero|robnero
|n| Iamaspanishguy|iamaspanishguy
|n| august2005|august2005
|n| legnita6|legnita6
|n| hitnopsex48480|hitnopsex48480
|n| tontash|tontash
