|j|☆tank skunk
|j|☆jahmille118
|t:|1642305294
|gametype|singles
|player|p1|tank skunk|pokefan|1138
|player|p2|jahmille118|2|1004
|teamsize|p1|6
|teamsize|p2|6
|gen|5
|tier|[Gen 5] NU
|rated|
|rule|Species Clause: Limit one of each Pokémon
|rule|OHKO Clause: OHKO moves are banned
|rule|Moody Clause: Moody is banned
|rule|Evasion Moves Clause: Evasion moves are banned
|rule|Endless Battle Clause: Forcing endless battles is banned
|rule|HP Percentage Mod: HP is shown in percentages
|rule|Evasion Abilities Clause: Evasion abilities are banned
|rule|Swagger Clause: Swagger is banned
|rule|Baton Pass Clause: Limit one Baton Passer, can't pass Spe and other stats simultaneously
|rule|Sleep Clause Mod: Limit one foe put to sleep
|clearpoke
|poke|p1|Lunatone|item
|poke|p1|Scraggy, M|item
|poke|p1|Electabuzz, M|item
|poke|p1|Golbat, F|item
|poke|p1|Rapidash, F|item
|poke|p1|Ludicolo, M|item
|poke|p2|Charizard, M|item
|poke|p2|Victreebel, M|item
|poke|p2|Leafeon, M|item
|poke|p2|Liepard, M|item
|poke|p2|Shuckle, M|item
|poke|p2|Sawsbuck, M|item
|teampreview
|inactive|Battle timer is ON: inactive players will automatically lose when time's up. (requested by tank skunk)
|
|t:|1642305306
|start
|switch|p1a: Big Mouth|Golbat, F, shiny|100/100
|switch|p2a: Liepard|Liepard, M|100/100
|turn|1
|
|t:|1642305314
|move|p2a: Liepard|Fake Out|p1a: Big Mouth
|-damage|p1a: Big Mouth|94/100
|move|p1a: Big Mouth|Brave Bird|p2a: Liepard
|-damage|p2a: Liepard|26/100
|-damage|p1a: Big Mouth|75/100|[from] Recoil
|
|upkeep
|turn|2
|
|t:|1642305322
|move|p2a: Liepard|Sunny Day|p2a: Liepard
|-weather|SunnyDay
|move|p1a: Big Mouth|Roost|p1a: Big Mouth
|-heal|p1a: Big Mouth|100/100
|-singleturn|p1a: Big Mouth|move: Roost
|
|-weather|SunnyDay|[upkeep]
|upkeep
|turn|3
|
|t:|1642305340
|move|p2a: Liepard|U-turn|p1a: Big Mouth
|-resisted|p1a: Big Mouth
|-damage|p1a: Big Mouth|98/100
|
|t:|1642305351
|switch|p2a: Shuckle|Shuckle, M|100/100|[from]move: U-turn
|move|p1a: Big Mouth|Brave Bird|p2a: Shuckle
|-damage|p2a: Shuckle|80/100
|-damage|p1a: Big Mouth|93/100|[from] Recoil
|
|-weather|SunnyDay|[upkeep]
|upkeep
|turn|4
|
|t:|1642305359
|move|p1a: Big Mouth|Taunt|p2a: Shuckle
|-start|p2a: Shuckle|move: Taunt
|cant|p2a: Shuckle|move: Taunt|Stealth Rock
|
|-weather|SunnyDay|[upkeep]
|upkeep
|turn|5
|
|t:|1642305371
|switch|p1a: Ultra Moon|Lunatone|100/100
|move|p2a: Shuckle|Ancient Power|p1a: Ultra Moon
|-damage|p1a: Ultra Moon|92/100
|
|-weather|SunnyDay|[upkeep]
|-heal|p1a: Ultra Moon|99/100|[from] item: Leftovers
|upkeep
|turn|6
|
|t:|1642305380
|switch|p2a: Charizard|Charizard, M|100/100
|move|p1a: Ultra Moon|Stealth Rock|p2a: Charizard
|-sidestart|p2: jahmille118|move: Stealth Rock
|
|-weather|SunnyDay|[upkeep]
|-damage|p2a: Charizard|88/100|[from] ability: Solar Power|[of] p2a: Charizard
|-heal|p1a: Ultra Moon|100/100|[from] item: Leftovers
|upkeep
|turn|7
|
|t:|1642305391
|move|p2a: Charizard|Solar Beam||[still]
|-prepare|p2a: Charizard|Solar Beam
|-anim|p2a: Charizard|Solar Beam|p1a: Ultra Moon
|-supereffective|p1a: Ultra Moon
|-damage|p1a: Ultra Moon|0 fnt
|faint|p1a: Ultra Moon
|
|-weather|SunnyDay|[upkeep]
|-damage|p2a: Charizard|76/100|[from] ability: Solar Power|[of] p2a: Charizard
|upkeep
|
|t:|1642305399
|switch|p1a: Aldrin|Electabuzz, M|100/100
|turn|8
|
|t:|1642305404
|move|p2a: Charizard|Solar Beam||[still]
|-prepare|p2a: Charizard|Solar Beam
|-anim|p2a: Charizard|Solar Beam|p1a: Aldrin
|-damage|p1a: Aldrin|46/100
|move|p1a: Aldrin|Volt Switch|p2a: Charizard
|-supereffective|p2a: Charizard
|-damage|p2a: Charizard|1/100
|
|t:|1642305423
|switch|p1a: Big Mouth|Golbat, F, shiny|93/100|[from]move: Volt Switch
|
|-weather|SunnyDay|[upkeep]
|-damage|p2a: Charizard|0 fnt|[from] ability: Solar Power|[of] p2a: Charizard
|faint|p2a: Charizard
|upkeep
|
|t:|1642305437
|switch|p2a: Sawsbuck|Sawsbuck, M|100/100
|-damage|p2a: Sawsbuck|88/100|[from] Stealth Rock
|turn|9
|
|t:|1642305442
|move|p2a: Sawsbuck|Wild Charge|p1a: Big Mouth
|-supereffective|p1a: Big Mouth
|-damage|p1a: Big Mouth|48/100
|-damage|p2a: Sawsbuck|75/100|[from] Recoil
|-damage|p2a: Sawsbuck|65/100|[from] item: Life Orb
|move|p1a: Big Mouth|Brave Bird|p2a: Sawsbuck
|-supereffective|p2a: Sawsbuck
|-damage|p2a: Sawsbuck|0 fnt
|faint|p2a: Sawsbuck
|-damage|p1a: Big Mouth|30/100|[from] Recoil
|
|-weather|none
|upkeep
|
|t:|1642305453
|switch|p2a: Liepard|Liepard, M|26/100
|-damage|p2a: Liepard|13/100|[from] Stealth Rock
|turn|10
|
|t:|1642305457
|move|p2a: Liepard|Fake Out|p1a: Big Mouth
|-damage|p1a: Big Mouth|23/100
|move|p1a: Big Mouth|Roost|p1a: Big Mouth
|-heal|p1a: Big Mouth|74/100
|-singleturn|p1a: Big Mouth|move: Roost
|
|upkeep
|turn|11
|
|t:|1642305464
|move|p2a: Liepard|Sunny Day|p2a: Liepard
|-weather|SunnyDay
|move|p1a: Big Mouth|Roost|p1a: Big Mouth
|-heal|p1a: Big Mouth|100/100
|-singleturn|p1a: Big Mouth|move: Roost
|
|-weather|SunnyDay|[upkeep]
|upkeep
|turn|12
|
|t:|1642305472
|move|p2a: Liepard|U-turn|p1a: Big Mouth
|-resisted|p1a: Big Mouth
|-damage|p1a: Big Mouth|98/100
|
|t:|1642305477
|switch|p2a: Shuckle|Shuckle, M|80/100|[from]move: U-turn
|-damage|p2a: Shuckle|55/100|[from] Stealth Rock
|move|p1a: Big Mouth|Brave Bird|p2a: Shuckle
|-damage|p2a: Shuckle|33/100
|-damage|p1a: Big Mouth|93/100|[from] Recoil
|
|-weather|SunnyDay|[upkeep]
|upkeep
|turn|13
|
|t:|1642305486
|move|p1a: Big Mouth|Taunt|p2a: Shuckle
|-start|p2a: Shuckle|move: Taunt
|move|p2a: Shuckle|Ancient Power|p1a: Big Mouth
|-supereffective|p1a: Big Mouth
|-damage|p1a: Big Mouth|82/100
|
|-weather|SunnyDay|[upkeep]
|upkeep
|turn|14
|
|t:|1642305493
|move|p1a: Big Mouth|Toxic|p2a: Shuckle
|-status|p2a: Shuckle|tox
|move|p2a: Shuckle|Ancient Power|p1a: Big Mouth
|-supereffective|p1a: Big Mouth
|-damage|p1a: Big Mouth|70/100
|
|-weather|SunnyDay|[upkeep]
|-damage|p2a: Shuckle|27/100 tox|[from] psn
|upkeep
|turn|15
|
|t:|1642305501
|move|p1a: Big Mouth|Roost|p1a: Big Mouth
|-heal|p1a: Big Mouth|100/100
|-singleturn|p1a: Big Mouth|move: Roost
|move|p2a: Shuckle|Ancient Power|p1a: Big Mouth
|-damage|p1a: Big Mouth|95/100
|
|-weather|SunnyDay|[upkeep]
|-damage|p2a: Shuckle|14/100 tox|[from] psn
|-end|p2a: Shuckle|move: Taunt
|upkeep
|turn|16
|
|t:|1642305511
|move|p1a: Big Mouth|Taunt|p2a: Shuckle
|-start|p2a: Shuckle|move: Taunt
|move|p2a: Shuckle|Ancient Power|p1a: Big Mouth
|-supereffective|p1a: Big Mouth
|-damage|p1a: Big Mouth|83/100
|
|-weather|SunnyDay|[upkeep]
|-damage|p2a: Shuckle|0 fnt|[from] psn
|faint|p2a: Shuckle
|upkeep
|
|t:|1642305520
|switch|p2a: Victreebel|Victreebel, M|100/100
|-damage|p2a: Victreebel|88/100|[from] Stealth Rock
|turn|17
|
|t:|1642305524
|move|p2a: Victreebel|Weather Ball|p1a: Big Mouth
|-damage|p1a: Big Mouth|34/100
|-damage|p2a: Victreebel|78/100|[from] item: Life Orb
|move|p1a: Big Mouth|Brave Bird|p2a: Victreebel
|-supereffective|p2a: Victreebel
|-damage|p2a: Victreebel|0 fnt
|faint|p2a: Victreebel
|-damage|p1a: Big Mouth|12/100|[from] Recoil
|
|-weather|SunnyDay|[upkeep]
|upkeep
|
|t:|1642305535
|switch|p2a: Leafeon|Leafeon, M|100/100
|-damage|p2a: Leafeon|88/100|[from] Stealth Rock
|turn|18
|
|t:|1642305542
|move|p2a: Leafeon|Facade|p1a: Big Mouth
|-damage|p1a: Big Mouth|0 fnt
|faint|p1a: Big Mouth
|-damage|p2a: Leafeon|78/100|[from] item: Life Orb
|
|-weather|none
|upkeep
|
|t:|1642305545
|switch|p1a: Rarity|Rapidash, F, shiny|100/100
|turn|19
|
|t:|1642305555
|move|p1a: Rarity|Flare Blitz|p2a: Leafeon
|-supereffective|p2a: Leafeon
|-damage|p2a: Leafeon|0 fnt
|faint|p2a: Leafeon
|-damage|p1a: Rarity|74/100|[from] Recoil
|-damage|p1a: Rarity|65/100|[from] item: Life Orb
|
|upkeep
|
|t:|1642305561
|switch|p2a: Liepard|Liepard, M|13/100
|-damage|p2a: Liepard|1/100|[from] Stealth Rock
|turn|20
|
|t:|1642305567
|move|p2a: Liepard|Fake Out|p1a: Rarity
|-damage|p1a: Rarity|48/100
|cant|p1a: Rarity|flinch
|
|upkeep
|turn|21
|
|t:|1642305572
|move|p2a: Liepard|Night Slash|p1a: Rarity
|-damage|p1a: Rarity|3/100
|move|p1a: Rarity|Morning Sun|p1a: Rarity
|-heal|p1a: Rarity|53/100
|
|upkeep
|turn|22
|
|t:|1642305578
|move|p2a: Liepard|Night Slash|p1a: Rarity
|-damage|p1a: Rarity|3/100
|move|p1a: Rarity|Flare Blitz|p2a: Liepard
|-damage|p2a: Liepard|0 fnt
|faint|p2a: Liepard
|-damage|p1a: Rarity|3/100|[from] Recoil
|-damage|p1a: Rarity|0 fnt|[from] item: Life Orb
|faint|p1a: Rarity
|
|win|tank skunk
|raw|tank skunk's rating: 1138 &rarr; <strong>1154</strong><br />(+16 for winning)
|raw|jahmille118's rating: 1004 &rarr; <strong>1000</strong><br />(-4 for losing)
|c|☆tank skunk|gg
