|j|☆Pokemon gob
|j|☆RyloBurner
|t:|1641165450
|gametype|singles
|player|p1|Pokemon gob|acetrainer-gen4dp|1000
|player|p2|RyloBurner|nurseryaide|1162
|teamsize|p1|6
|teamsize|p2|6
|gen|5
|tier|[Gen 5] NU
|rated|
|rule|Species Clause: Limit one of each Pokémon
|rule|OHKO Clause: OHKO moves are banned
|rule|Moody Clause: Moody is banned
|rule|Evasion Moves Clause: Evasion moves are banned
|rule|Endless Battle Clause: Forcing endless battles is banned
|rule|HP Percentage Mod: HP is shown in percentages
|rule|Evasion Abilities Clause: Evasion abilities are banned
|rule|Swagger Clause: Swagger is banned
|rule|Baton Pass Clause: Limit one Baton Passer, can't pass Spe and other stats simultaneously
|rule|Sleep Clause Mod: Limit one foe put to sleep
|clearpoke
|poke|p1|Electabuzz, F|item
|poke|p1|Cacturne, M|item
|poke|p1|Miltank, F|item
|poke|p1|Haunter, M|item
|poke|p1|Mandibuzz, F|item
|poke|p1|Metang|item
|poke|p2|Musharna, F|item
|poke|p2|Ludicolo, M|item
|poke|p2|Braviary, M|item
|poke|p2|Swellow, F|item
|poke|p2|Alomomola, M|item
|poke|p2|Golem, M|item
|teampreview
|inactive|Battle timer is ON: inactive players will automatically lose when time's up. (requested by RyloBurner)
|
|t:|1641165462
|start
|switch|p1a: Metang|Metang, shiny|100/100
|switch|p2a: Braviary|Braviary, M|100/100
|turn|1
|
|t:|1641165469
|move|p2a: Braviary|U-turn|p1a: Metang
|-damage|p1a: Metang|76/100
|
|t:|1641165473
|switch|p2a: Musharna|Musharna, F|100/100|[from]move: U-turn
|move|p1a: Metang|Hone Claws|p1a: Metang
|-boost|p1a: Metang|atk|1
|-boost|p1a: Metang|accuracy|1
|
|upkeep
|turn|2
|
|t:|1641165486
|move|p1a: Metang|Meteor Mash|p2a: Musharna
|-damage|p2a: Musharna|61/100
|-boost|p1a: Metang|atk|1
|move|p2a: Musharna|Calm Mind|p2a: Musharna
|-boost|p2a: Musharna|spa|1
|-boost|p2a: Musharna|spd|1
|
|-heal|p2a: Musharna|67/100|[from] item: Leftovers
|upkeep
|turn|3
|
|t:|1641165495
|move|p1a: Metang|Meteor Mash|p2a: Musharna
|-damage|p2a: Musharna|21/100
|move|p2a: Musharna|Moonlight|p2a: Musharna
|-heal|p2a: Musharna|71/100
|
|-heal|p2a: Musharna|77/100|[from] item: Leftovers
|upkeep
|turn|4
|
|t:|1641165505
|switch|p2a: Alomomola|Alomomola, M|100/100
|move|p1a: Metang|Hone Claws|p1a: Metang
|-boost|p1a: Metang|atk|1
|-boost|p1a: Metang|accuracy|1
|
|upkeep
|turn|5
|
|t:|1641165513
|move|p2a: Alomomola|Scald|p1a: Metang
|-damage|p1a: Metang|64/100
|-status|p1a: Metang|brn
|move|p1a: Metang|Meteor Mash|p2a: Alomomola
|-resisted|p2a: Alomomola
|-damage|p2a: Alomomola|89/100
|
|-heal|p2a: Alomomola|95/100|[from] item: Leftovers
|-damage|p1a: Metang|52/100 brn|[from] brn
|upkeep
|turn|6
|
|t:|1641165524
|switch|p1a: Miltank|Miltank, F, shiny|100/100
|move|p2a: Alomomola|Scald|p1a: Miltank
|-damage|p1a: Miltank|84/100
|
|-heal|p1a: Miltank|90/100|[from] item: Leftovers
|-heal|p2a: Alomomola|100/100|[from] item: Leftovers
|upkeep
|turn|7
|
|t:|1641165533
|move|p1a: Miltank|Toxic|p2a: Alomomola
|-status|p2a: Alomomola|tox
|move|p2a: Alomomola|Toxic|p1a: Miltank
|-status|p1a: Miltank|tox
|
|-heal|p1a: Miltank|96/100 tox|[from] item: Leftovers
|-damage|p1a: Miltank|90/100 tox|[from] psn
|-damage|p2a: Alomomola|94/100 tox|[from] psn
|upkeep
|turn|8
|
|t:|1641165542
|move|p1a: Miltank|Heal Bell|p1a: Miltank
|-activate|p1a: Miltank|move: Heal Bell
|-curestatus|p1a: Miltank|tox|[msg]
|-curestatus|p1: Metang|brn|[msg]
|move|p2a: Alomomola|Wish|p2a: Alomomola
|
|-heal|p1a: Miltank|96/100|[from] item: Leftovers
|-heal|p2a: Alomomola|100/100 tox|[from] item: Leftovers
|-damage|p2a: Alomomola|88/100 tox|[from] psn
|upkeep
|turn|9
|
|t:|1641165554
|switch|p1a: Haunter|Haunter, M|100/100
|switch|p2a: Musharna|Musharna, F|77/100
|
|-heal|p2a: Musharna|100/100|[from] move: Wish|[wisher] Alomomola
|upkeep
|turn|10
|
|t:|1641165562
|move|p1a: Haunter|Shadow Ball|p2a: Musharna
|-supereffective|p2a: Musharna
|-damage|p2a: Musharna|41/100
|move|p2a: Musharna|Psyshock|p1a: Haunter
|-supereffective|p1a: Haunter
|-damage|p1a: Haunter|1/100
|
|-heal|p2a: Musharna|47/100|[from] item: Leftovers
|upkeep
|turn|11
|
|t:|1641165570
|switch|p2a: Braviary|Braviary, M|100/100
|move|p1a: Haunter|Shadow Ball|p2a: Braviary
|-immune|p2a: Braviary
|
|upkeep
|turn|12
|
|t:|1641165581
|move|p1a: Haunter|Thunderbolt|p2a: Braviary
|-supereffective|p2a: Braviary
|-damage|p2a: Braviary|23/100
|move|p2a: Braviary|U-turn|p1a: Haunter
|-resisted|p1a: Haunter
|-damage|p1a: Haunter|0 fnt
|faint|p1a: Haunter
|
|t:|1641165584
|switch|p2a: Golem|Golem, M|100/100|[from]move: U-turn
|
|upkeep
|
|t:|1641165592
|switch|p1a: Cacturne|Cacturne, M, shiny|100/100
|turn|13
|
|t:|1641165597
|move|p1a: Cacturne|Spikes|p2a: Golem
|-sidestart|p2: RyloBurner|Spikes
|move|p2a: Golem|Stealth Rock|p1a: Cacturne
|-sidestart|p1: Pokemon gob|move: Stealth Rock
|
|upkeep
|turn|14
|
|t:|1641165602
|switch|p2a: Braviary|Braviary, M|23/100
|move|p1a: Cacturne|Spikes|p2a: Braviary
|-sidestart|p2: RyloBurner|Spikes
|
|upkeep
|turn|15
|
|t:|1641165608
|move|p2a: Braviary|U-turn|p1a: Cacturne
|-supereffective|p1a: Cacturne
|-damage|p1a: Cacturne|0 fnt
|-damage|p2a: Braviary|7/100|[from] item: Rocky Helmet|[of] p1a: Cacturne
|faint|p1a: Cacturne
|-message|Pokemon gob forfeited.
|
|win|RyloBurner
|raw|Pokemon gob's rating: 1000 &rarr; <strong>1000</strong><br />(+0 for losing)
|raw|RyloBurner's rating: 1162 &rarr; <strong>1176</strong><br />(+14 for winning)
|l|☆Pokemon gob
