|j|☆kagrin
|j|☆Kevin Dickey12
|t:|1637627687
|gametype|singles
|player|p1|kagrin|170|
|player|p2|Kevin Dickey12|ethan|
|teamsize|p1|6
|teamsize|p2|6
|gen|5
|tier|[Gen 5] LC
|rule|Species Clause: Limit one of each Pokémon
|rule|OHKO Clause: OHKO moves are banned
|rule|Moody Clause: Moody is banned
|rule|Evasion Moves Clause: Evasion moves are banned
|rule|Endless Battle Clause: Forcing endless battles is banned
|rule|HP Percentage Mod: HP is shown in percentages
|rule|Sleep Clause: Sleep-inducing moves are banned
|clearpoke
|poke|p1|Beldum, L5|item
|poke|p1|Anorith, L5, M|item
|poke|p1|Croagunk, L5, M|item
|poke|p1|Wooper, L5, M|item
|poke|p1|Axew, L5, F|item
|poke|p1|Shroomish, L5, M|item
|poke|p2|Riolu, L5, M|item
|poke|p2|Ferroseed, L5, M|item
|poke|p2|Drifloon, L5, M|item
|poke|p2|Tirtouga, L5, M|item
|poke|p2|Magby, L5, M|item
|poke|p2|Munna, L5, M|item
|teampreview
|
|t:|1637627700
|start
|switch|p1a: Anorith|Anorith, L5, M|100/100
|switch|p2a: T H E S E E D !|Ferroseed, L5, M|100/100
|turn|1
|
|t:|1637627710
|move|p1a: Anorith|Stealth Rock|p2a: T H E S E E D !
|-sidestart|p2: Kevin Dickey12|move: Stealth Rock
|move|p2a: T H E S E E D !|Leech Seed|p1a: Anorith
|-start|p1a: Anorith|move: Leech Seed
|
|-damage|p1a: Anorith|91/100|[from] Leech Seed|[of] p2a: T H E S E E D !
|upkeep
|turn|2
|
|t:|1637627727
|switch|p1a: Croagunk|Croagunk, L5, M|100/100
|move|p2a: T H E S E E D !|Thunder Wave|p1a: Croagunk
|-status|p1a: Croagunk|par
|
|upkeep
|turn|3
|
|t:|1637627741
|switch|p2a: Sweet Dreams|Munna, L5, M, shiny|100/100
|-damage|p2a: Sweet Dreams|88/100|[from] Stealth Rock
|move|p1a: Croagunk|Drain Punch|p2a: Sweet Dreams
|-resisted|p2a: Sweet Dreams
|-damage|p2a: Sweet Dreams|63/100
|
|upkeep
|turn|4
|
|t:|1637627763
|move|p2a: Sweet Dreams|Reflect|p2a: Sweet Dreams
|-sidestart|p2: Kevin Dickey12|Reflect
|move|p1a: Croagunk|Toxic||[still]
|-status|p2a: Sweet Dreams|tox
|-activate|p2a: Sweet Dreams|ability: Synchronize
|-fail|p2a: Sweet Dreams
|
|-damage|p2a: Sweet Dreams|59/100 tox|[from] psn
|upkeep
|turn|5
|
|t:|1637627785
|move|p2a: Sweet Dreams|Psychic|p1a: Croagunk
|-supereffective|p1a: Croagunk
|-crit|p1a: Croagunk
|-damage|p1a: Croagunk|0 fnt
|faint|p1a: Croagunk
|
|-damage|p2a: Sweet Dreams|50/100 tox|[from] psn
|upkeep
|
|t:|1637627793
|switch|p1a: Anorith|Anorith, L5, M|91/100
|turn|6
|
|t:|1637627811
|switch|p2a: TurtlePower🐢|Tirtouga, L5, M, shiny|100/100
|-damage|p2a: TurtlePower🐢|91/100|[from] Stealth Rock
|move|p1a: Anorith|X-Scissor|p2a: TurtlePower🐢
|-damage|p2a: TurtlePower🐢|62/100
|
|upkeep
|turn|7
|j| Riastylis
|
|t:|1637627821
|move|p1a: Anorith|Knock Off|p2a: TurtlePower🐢
|-damage|p2a: TurtlePower🐢|58/100
|-enditem|p2a: TurtlePower🐢|Oran Berry|[from] move: Knock Off|[of] p1a: Anorith
|move|p2a: TurtlePower🐢|Shell Smash|p2a: TurtlePower🐢
|-unboost|p2a: TurtlePower🐢|def|1
|-unboost|p2a: TurtlePower🐢|spd|1
|-boost|p2a: TurtlePower🐢|atk|2
|-boost|p2a: TurtlePower🐢|spa|2
|-boost|p2a: TurtlePower🐢|spe|2
|
|upkeep
|turn|8
|
|t:|1637627849
|switch|p1a: Wooper|Wooper, L5, M|100/100
|move|p2a: TurtlePower🐢|Knock Off|p1a: Wooper
|-damage|p1a: Wooper|92/100
|-enditem|p1a: Wooper|Shell Bell|[from] move: Knock Off|[of] p2a: TurtlePower🐢
|
|upkeep
|turn|9
|
|t:|1637627864
|switch|p2a: T H E S E E D !|Ferroseed, L5, M|100/100
|-damage|p2a: T H E S E E D !|96/100|[from] Stealth Rock
|move|p1a: Wooper|Toxic|p2a: T H E S E E D !
|-immune|p2a: T H E S E E D !
|
|upkeep
|turn|10
|
|t:|1637627880
|move|p1a: Wooper|Earthquake|p2a: T H E S E E D !
|-damage|p2a: T H E S E E D !|82/100
|move|p2a: T H E S E E D !|Thunder Wave|p1a: Wooper
|-immune|p1a: Wooper
|
|upkeep
|turn|11
|
|t:|1637627892
|move|p1a: Wooper|Earthquake|p2a: T H E S E E D !
|-crit|p2a: T H E S E E D !
|-damage|p2a: T H E S E E D !|14/100
|move|p2a: T H E S E E D !|Stealth Rock|p1a: Wooper
|-sidestart|p1: kagrin|move: Stealth Rock
|
|-sideend|p2: Kevin Dickey12|Reflect
|upkeep
|turn|12
|
|t:|1637627909
|switch|p2a: Hot Ride 🔥|Drifloon, L5, M, shiny|100/100
|-damage|p2a: Hot Ride 🔥|76/100|[from] Stealth Rock
|move|p1a: Wooper|Earthquake|p2a: Hot Ride 🔥
|-immune|p2a: Hot Ride 🔥
|
|-status|p2a: Hot Ride 🔥|brn|[from] item: Flame Orb
|upkeep
|turn|13
|
|t:|1637627935
|switch|p1a: Axew|Axew, L5, F|100/100
|-damage|p1a: Axew|91/100|[from] Stealth Rock
|-ability|p1a: Axew|Mold Breaker
|move|p2a: Hot Ride 🔥|Shadow Ball|p1a: Axew
|-damage|p1a: Axew|20/100
|-unboost|p1a: Axew|spd|1
|
|-damage|p2a: Hot Ride 🔥|64/100 brn|[from] brn
|upkeep
|turn|14
|
|t:|1637627950
|move|p2a: Hot Ride 🔥|Shadow Ball|p1a: Axew
|-damage|p1a: Axew|0 fnt
|faint|p1a: Axew
|
|-damage|p2a: Hot Ride 🔥|52/100 brn|[from] brn
|upkeep
|
|t:|1637627968
|switch|p1a: Anorith|Anorith, L5, M|91/100
|-damage|p1a: Anorith|67/100|[from] Stealth Rock
|turn|15
|
|t:|1637628008
|move|p1a: Anorith|X-Scissor|p2a: Hot Ride 🔥
|-resisted|p2a: Hot Ride 🔥
|-damage|p2a: Hot Ride 🔥|32/100 brn
|move|p2a: Hot Ride 🔥|Shadow Ball|p1a: Anorith
|-damage|p1a: Anorith|0 fnt
|faint|p1a: Anorith
|
|-damage|p2a: Hot Ride 🔥|20/100 brn|[from] brn
|upkeep
|
|t:|1637628019
|switch|p1a: Shroomish|Shroomish, L5, M|100/100
|-damage|p1a: Shroomish|91/100|[from] Stealth Rock
|turn|16
|
|t:|1637628025
|move|p2a: Hot Ride 🔥|Trick|p1a: Shroomish
|-activate|p2a: Hot Ride 🔥|move: Trick|[of] p1a: Shroomish
|-item|p1a: Shroomish|Flame Orb|[from] move: Trick
|-item|p2a: Hot Ride 🔥|Toxic Orb|[from] move: Trick
|move|p1a: Shroomish|Substitute|p1a: Shroomish
|-start|p1a: Shroomish|Substitute
|-damage|p1a: Shroomish|69/100
|
|-damage|p2a: Hot Ride 🔥|8/100 brn|[from] brn
|-status|p1a: Shroomish|brn|[from] item: Flame Orb
|upkeep
|turn|17
|
|t:|1637628038
|move|p2a: Hot Ride 🔥|Shadow Ball|p1a: Shroomish
|-end|p1a: Shroomish|Substitute
|move|p1a: Shroomish|Leech Seed|p2a: Hot Ride 🔥
|-start|p2a: Hot Ride 🔥|move: Leech Seed
|
|-damage|p2a: Hot Ride 🔥|0 fnt|[from] Leech Seed|[of] p1a: Shroomish
|-heal|p1a: Shroomish|78/100 brn|[silent]
|faint|p2a: Hot Ride 🔥
|-damage|p1a: Shroomish|69/100 brn|[from] brn
|upkeep
|
|t:|1637628052
|switch|p2a: Lil Lavaburst🔥|Magby, L5, M, shiny|100/100
|-damage|p2a: Lil Lavaburst🔥|77/100|[from] Stealth Rock
|turn|18
|
|t:|1637628068
|switch|p1a: Wooper|Wooper, L5, M|92/100
|-damage|p1a: Wooper|88/100|[from] Stealth Rock
|move|p2a: Lil Lavaburst🔥|Hidden Power|p1a: Wooper
|-supereffective|p1a: Wooper
|-damage|p1a: Wooper|0 fnt
|faint|p1a: Wooper
|
|upkeep
|
|t:|1637628077
|switch|p1a: Beldum|Beldum, L5|100/100
|-damage|p1a: Beldum|95/100|[from] Stealth Rock
|turn|19
|
|t:|1637628087
|switch|p2a: Sweet Dreams|Munna, L5, M, shiny|50/100 tox
|-damage|p2a: Sweet Dreams|38/100 tox|[from] Stealth Rock
|move|p1a: Beldum|Zen Headbutt|p2a: Sweet Dreams
|-resisted|p2a: Sweet Dreams
|-damage|p2a: Sweet Dreams|13/100 tox
|
|-damage|p2a: Sweet Dreams|9/100 tox|[from] psn
|upkeep
|turn|20
|
|t:|1637628100
|move|p2a: Sweet Dreams|Reflect|p2a: Sweet Dreams
|-sidestart|p2: Kevin Dickey12|Reflect
|move|p1a: Beldum|Iron Defense|p1a: Beldum
|-boost|p1a: Beldum|def|2
|
|-damage|p2a: Sweet Dreams|0 fnt|[from] psn
|faint|p2a: Sweet Dreams
|upkeep
|
|t:|1637628109
|switch|p2a: Lil Lavaburst🔥|Magby, L5, M, shiny|77/100
|-damage|p2a: Lil Lavaburst🔥|53/100|[from] Stealth Rock
|turn|21
|
|t:|1637628116
|move|p2a: Lil Lavaburst🔥|Flamethrower|p1a: Beldum
|-supereffective|p1a: Beldum
|-damage|p1a: Beldum|0 fnt
|faint|p1a: Beldum
|
|upkeep
|
|t:|1637628122
|switch|p1a: Shroomish|Shroomish, L5, M|69/100 brn
|-damage|p1a: Shroomish|60/100 brn|[from] Stealth Rock
|turn|22
|
|t:|1637628126
|move|p2a: Lil Lavaburst🔥|Flamethrower|p1a: Shroomish
|-supereffective|p1a: Shroomish
|-damage|p1a: Shroomish|0 fnt
|faint|p1a: Shroomish
|
|win|Kevin Dickey12
|l| Riastylis
