|j|☆Zekarum
|j|☆faded love
|t:|1635030086
|gametype|singles
|player|p1|Zekarum|pokemonbreeder|
|player|p2|faded love|psychicf|
|teamsize|p1|6
|teamsize|p2|6
|gen|5
|tier|[Gen 5] UU
|rated|Tournament battle
|rule|Species Clause: Limit one of each Pokémon
|rule|OHKO Clause: OHKO moves are banned
|rule|Moody Clause: Moody is banned
|rule|Evasion Moves Clause: Evasion moves are banned
|rule|Endless Battle Clause: Forcing endless battles is banned
|rule|HP Percentage Mod: HP is shown in percentages
|rule|Evasion Abilities Clause: Evasion abilities are banned
|rule|Baton Pass Clause: Limit one Baton Passer, can't pass Spe and other stats simultaneously
|rule|Swagger Clause: Swagger is banned
|rule|Sleep Clause Mod: Limit one foe put to sleep
|clearpoke
|poke|p1|Tornadus, M|item
|poke|p1|Raikou|item
|poke|p1|Heracross, M|item
|poke|p1|Kabutops, M|item
|poke|p1|Azelf|item
|poke|p1|Kingdra, M|item
|poke|p2|Rotom-Heat|item
|poke|p2|Cofagrigus, M|item
|poke|p2|Swampert, F|item
|poke|p2|Ferroseed, F|item
|poke|p2|Mienshao, F|item
|poke|p2|Xatu, F|item
|teampreview
|j|+Aquatic Skyfall
|inactive|Battle timer is ON: inactive players will automatically lose when time's up. (requested by Zekarum)
|
|t:|1635030108
|start
|switch|p1a: Tornadus|Tornadus, M|100/100
|switch|p2a: NEVER ENDING|Rotom-Heat|100/100
|turn|1
|
|t:|1635030114
|switch|p1a: Raikou|Raikou|100/100
|-ability|p1a: Raikou|Pressure
|move|p2a: NEVER ENDING|Volt Switch|p1a: Raikou
|-resisted|p1a: Raikou
|-damage|p1a: Raikou|75/100
|j| Sttephano
|
|t:|1635030120
|switch|p2a: WORK|Swampert, F|100/100|[from]move: Volt Switch
|
|-heal|p1a: Raikou|82/100|[from] item: Leftovers
|upkeep
|turn|2
|
|t:|1635030122
|move|p1a: Raikou|Hidden Power|p2a: WORK
|-supereffective|p2a: WORK
|-crit|p2a: WORK
|-damage|p2a: WORK|0 fnt
|faint|p2a: WORK
|
|-heal|p1a: Raikou|88/100|[from] item: Leftovers
|upkeep
|
|t:|1635030130
|switch|p2a: CONSIDERATION|Mienshao, F|100/100
|turn|3
|
|t:|1635030137
|move|p2a: CONSIDERATION|High Jump Kick|p1a: Raikou
|-damage|p1a: Raikou|0 fnt
|faint|p1a: Raikou
|
|upkeep
|j| blackkaiser
|
|t:|1635030142
|switch|p1a: Heracross|Heracross, M|100/100
|turn|4
|
|t:|1635030146
|switch|p2a: DESPERADO|Cofagrigus, M|100/100
|move|p1a: Heracross|Stone Edge|p2a: DESPERADO
|-damage|p2a: DESPERADO|58/100
|
|-heal|p2a: DESPERADO|64/100|[from] item: Leftovers
|upkeep
|turn|5
|
|t:|1635030162
|switch|p1a: Tornadus|Tornadus, M|100/100
|switch|p2a: KISS IT BETTER|Ferroseed, F|100/100
|
|upkeep
|turn|6
|j|%Codename Magnum
|
|t:|1635030169
|switch|p2a: NEVER ENDING|Rotom-Heat|100/100
|move|p1a: Tornadus|Focus Blast|p2a: NEVER ENDING
|-damage|p2a: NEVER ENDING|50/100
|
|upkeep
|turn|7
|
|t:|1635030182
|switch|p1a: Kingdra|Kingdra, M|100/100
|move|p2a: NEVER ENDING|Volt Switch|p1a: Kingdra
|-damage|p1a: Kingdra|48/100
|
|t:|1635030188
|switch|p2a: CONSIDERATION|Mienshao, F|100/100|[from]move: Volt Switch
|
|upkeep
|turn|8
|
|t:|1635030194
|switch|p1a: Heracross|Heracross, M|100/100
|move|p2a: CONSIDERATION|High Jump Kick|p1a: Heracross
|-resisted|p1a: Heracross
|-damage|p1a: Heracross|52/100
|
|upkeep
|turn|9
|
|t:|1635030202
|switch|p2a: HIGHER|Xatu, F|100/100
|move|p1a: Heracross|Stone Edge|p2a: HIGHER
|-supereffective|p2a: HIGHER
|-damage|p2a: HIGHER|0 fnt
|faint|p2a: HIGHER
|
|upkeep
|j| Mystras Leoxses
|
|t:|1635030207
|switch|p2a: CONSIDERATION|Mienshao, F|100/100
|turn|10
|j| martinvtran
|
|t:|1635030213
|move|p2a: CONSIDERATION|Stone Edge|p1a: Heracross
|-damage|p1a: Heracross|9/100
|move|p1a: Heracross|Stone Edge|p2a: CONSIDERATION
|-resisted|p2a: CONSIDERATION
|-damage|p2a: CONSIDERATION|46/100
|
|upkeep
|turn|11
|
|t:|1635030220
|move|p2a: CONSIDERATION|Stone Edge|p1a: Heracross
|-damage|p1a: Heracross|0 fnt
|faint|p1a: Heracross
|
|upkeep
|
|t:|1635030224
|switch|p1a: Azelf|Azelf|100/100
|turn|12
|
|t:|1635030230
|switch|p2a: KISS IT BETTER|Ferroseed, F|100/100
|move|p1a: Azelf|Rain Dance|p1a: Azelf
|-weather|RainDance
|
|-weather|RainDance|[upkeep]
|upkeep
|turn|13
|
|t:|1635030237
|move|p1a: Azelf|Taunt|p2a: KISS IT BETTER
|-start|p2a: KISS IT BETTER|move: Taunt
|cant|p2a: KISS IT BETTER|move: Taunt|Leech Seed
|
|-weather|RainDance|[upkeep]
|upkeep
|turn|14
|c| martinvtran|ill kiss it better
|
|t:|1635030240
|move|p1a: Azelf|Stealth Rock|p2a: KISS IT BETTER
|-sidestart|p2: faded love|move: Stealth Rock
|move|p2a: KISS IT BETTER|Gyro Ball|p1a: Azelf
|-damage|p1a: Azelf|54/100
|
|-weather|RainDance|[upkeep]
|upkeep
|turn|15
|l|+Aquatic Skyfall
|j|@laevin
|j|+Aquatic Skyfall
|
|t:|1635030255
|switch|p1a: Kingdra|Kingdra, M|48/100
|move|p2a: KISS IT BETTER|Gyro Ball|p1a: Kingdra
|-resisted|p1a: Kingdra
|-crit|p1a: Kingdra
|-damage|p1a: Kingdra|11/100
|
|-weather|RainDance|[upkeep]
|-end|p2a: KISS IT BETTER|move: Taunt
|upkeep
|turn|16
|
|t:|1635030264
|move|p1a: Kingdra|Surf|p2a: KISS IT BETTER
|-resisted|p2a: KISS IT BETTER
|-damage|p2a: KISS IT BETTER|69/100
|move|p2a: KISS IT BETTER|Leech Seed|p1a: Kingdra
|-start|p1a: Kingdra|move: Leech Seed
|
|-weather|RainDance|[upkeep]
|-damage|p1a: Kingdra|0 fnt|[from] Leech Seed|[of] p2a: KISS IT BETTER
|-heal|p2a: KISS IT BETTER|80/100|[silent]
|faint|p1a: Kingdra
|upkeep
|
|t:|1635030269
|switch|p1a: Tornadus|Tornadus, M|100/100
|turn|17
|
|t:|1635030276
|switch|p2a: NEVER ENDING|Rotom-Heat|50/100
|-damage|p2a: NEVER ENDING|25/100|[from] Stealth Rock
|move|p1a: Tornadus|Hurricane|p2a: NEVER ENDING
|-resisted|p2a: NEVER ENDING
|-damage|p2a: NEVER ENDING|0 fnt
|faint|p2a: NEVER ENDING
|
|-weather|RainDance|[upkeep]
|upkeep
|
|t:|1635030277
|switch|p2a: CONSIDERATION|Mienshao, F|79/100
|-damage|p2a: CONSIDERATION|74/100|[from] Stealth Rock
|turn|18
|
|t:|1635030288
|switch|p1a: Azelf|Azelf|54/100
|move|p2a: CONSIDERATION|Stone Edge|p1a: Azelf|[miss]
|-miss|p2a: CONSIDERATION|p1a: Azelf
|
|-weather|RainDance|[upkeep]
|upkeep
|turn|19
|
|t:|1635030296
|move|p2a: CONSIDERATION|Stone Edge|p1a: Azelf
|-damage|p1a: Azelf|0 fnt
|faint|p1a: Azelf
|
|-weather|none
|upkeep
|
|t:|1635030308
|switch|p1a: Tornadus|Tornadus, M|100/100
|turn|20
|
|t:|1635030312
|move|p1a: Tornadus|Rain Dance|p1a: Tornadus
|-weather|RainDance
|move|p2a: CONSIDERATION|Stone Edge|p1a: Tornadus
|-supereffective|p1a: Tornadus
|-damage|p1a: Tornadus|4/100
|
|-weather|RainDance|[upkeep]
|upkeep
|turn|21
|
|t:|1635030325
|switch|p2a: DESPERADO|Cofagrigus, M|64/100
|-damage|p2a: DESPERADO|52/100|[from] Stealth Rock
|move|p1a: Tornadus|Tailwind|p1a: Tornadus
|-sidestart|p1: Zekarum|move: Tailwind
|
|-weather|RainDance|[upkeep]
|-heal|p2a: DESPERADO|58/100|[from] item: Leftovers
|upkeep
|turn|22
|
|t:|1635030329
|move|p1a: Tornadus|Hurricane|p2a: DESPERADO
|-crit|p2a: DESPERADO
|-damage|p2a: DESPERADO|0 fnt
|faint|p2a: DESPERADO
|
|-weather|RainDance|[upkeep]
|upkeep
|
|t:|1635030332
|switch|p2a: CONSIDERATION|Mienshao, F|100/100
|-damage|p2a: CONSIDERATION|95/100|[from] Stealth Rock
|turn|23
|
|t:|1635030340
|move|p1a: Tornadus|Hurricane|p2a: CONSIDERATION
|-supereffective|p2a: CONSIDERATION
|-crit|p2a: CONSIDERATION
|-damage|p2a: CONSIDERATION|0 fnt
|faint|p2a: CONSIDERATION
|
|-weather|RainDance|[upkeep]
|upkeep
|
|t:|1635030344
|switch|p2a: KISS IT BETTER|Ferroseed, F|80/100
|-damage|p2a: KISS IT BETTER|73/100|[from] Stealth Rock
|turn|24
|
|t:|1635030346
|move|p1a: Tornadus|Hurricane|p2a: KISS IT BETTER
|-damage|p2a: KISS IT BETTER|37/100
|move|p2a: KISS IT BETTER|Leech Seed|p1a: Tornadus|[miss]
|-miss|p2a: KISS IT BETTER|p1a: Tornadus
|
|-weather|RainDance|[upkeep]
|-sideend|p1: Zekarum|move: Tailwind
|upkeep
|turn|25
|
|t:|1635030352
|move|p1a: Tornadus|Focus Blast|p2a: KISS IT BETTER|[miss]
|-miss|p1a: Tornadus|p2a: KISS IT BETTER
|move|p2a: KISS IT BETTER|Leech Seed|p1a: Tornadus
|-start|p1a: Tornadus|move: Leech Seed
|
|-weather|RainDance|[upkeep]
|-damage|p1a: Tornadus|0 fnt|[from] Leech Seed|[of] p2a: KISS IT BETTER
|-heal|p2a: KISS IT BETTER|42/100|[silent]
|faint|p1a: Tornadus
|upkeep
|
|t:|1635030354
|switch|p1a: Kabutops|Kabutops, M|100/100
|turn|26
|l| Sttephano
|
|t:|1635030359
|move|p1a: Kabutops|Swords Dance|p1a: Kabutops
|-boost|p1a: Kabutops|atk|2
|move|p2a: KISS IT BETTER|Leech Seed|p1a: Kabutops|[miss]
|-miss|p2a: KISS IT BETTER|p1a: Kabutops
|
|-weather|RainDance|[upkeep]
|upkeep
|turn|27
|
|t:|1635030365
|move|p1a: Kabutops|Waterfall|p2a: KISS IT BETTER
|-resisted|p2a: KISS IT BETTER
|-damage|p2a: KISS IT BETTER|0 fnt
|-damage|p1a: Kabutops|88/100|[from] ability: Iron Barbs|[of] p2a: KISS IT BETTER
|faint|p2a: KISS IT BETTER
|-damage|p1a: Kabutops|78/100|[from] item: Life Orb
|
|win|Zekarum
|n|☆Zekarum|zekarum
|n|☆faded love|fadedlove
|n| blackkaiser|blackkaiser
|n| Codename Magnum|codenamemagnum
|n| Mystras Leoxses|mystrasleoxses
|n| martinvtran|martinvtran
|n| laevin|laevin
|n| Aquatic Skyfall|aquaticskyfall
