|j|☆Waterninja718
|j|☆me bean 2
|inactive|Battle timer is ON: inactive players will automatically lose when time's up.
|t:|1640469979
|gametype|singles
|player|p1|Waterninja718|acetrainerf-gen4dp|
|player|p2|me bean 2|policeman-gen4|
|teamsize|p1|6
|teamsize|p2|6
|gen|5
|tier|[Gen 5] LC
|rated|Tournament battle
|rule|Species Clause: Limit one of each Pokémon
|rule|OHKO Clause: OHKO moves are banned
|rule|Moody Clause: Moody is banned
|rule|Evasion Moves Clause: Evasion moves are banned
|rule|Endless Battle Clause: Forcing endless battles is banned
|rule|HP Percentage Mod: HP is shown in percentages
|rule|Sleep Clause: Sleep-inducing moves are banned
|clearpoke
|poke|p1|Cyndaquil, L5, M|item
|poke|p1|Carvanha, L5, M|item
|poke|p1|Aipom, L5, F|item
|poke|p1|Pawniard, L5, M|item
|poke|p1|Buizel, L5, M|item
|poke|p1|Cranidos, L5, F|item
|poke|p2|Meowth, L5, F|item
|poke|p2|Magnemite, L5|item
|poke|p2|Duskull, L5, M|item
|poke|p2|Cranidos, L5, M|item
|poke|p2|Staryu, L5|item
|poke|p2|Abra, L5, F|item
|teampreview
|c|☆me bean 2|glhf
|c|☆Waterninja718|H2
|c|☆Waterninja718|Y2
|c|☆me bean 2|i cant be afk for 1 sec lol
|c|☆Waterninja718|Sorry
|c|☆me bean 2|nah its cool
|inactive|me bean 2 has 120 seconds left.
|
|t:|1640470009
|start
|switch|p1a: Pawniard|Pawniard, L5, M|100/100
|switch|p2a: Cranidos|Cranidos, L5, M|100/100
|turn|1
|inactive|Waterninja718 has 120 seconds left.
|
|t:|1640470062
|move|p2a: Cranidos|Earthquake|p1a: Pawniard
|-supereffective|p1a: Pawniard
|-damage|p1a: Pawniard|0 fnt
|faint|p1a: Pawniard
|
|upkeep
|
|t:|1640470068
|switch|p1a: Carvanha|Carvanha, L5, M|100/100
|turn|2
|
|t:|1640470072
|switch|p2a: Magnemite|Magnemite, L5|100/100
|move|p1a: Carvanha|Protect||[still]
|-fail|p1a: Carvanha
|
|-ability|p1a: Carvanha|Speed Boost|boost
|-boost|p1a: Carvanha|spe|1
|upkeep
|turn|3
|inactive|Waterninja718 has 90 seconds left.
|
|t:|1640470114
|move|p1a: Carvanha|Waterfall|p2a: Magnemite
|-damage|p2a: Magnemite|37/100
|cant|p2a: Magnemite|flinch
|
|-ability|p1a: Carvanha|Speed Boost|boost
|-boost|p1a: Carvanha|spe|1
|upkeep
|turn|4
|
|t:|1640470129
|move|p1a: Carvanha|Waterfall|p2a: Magnemite
|-damage|p2a: Magnemite|0 fnt
|faint|p2a: Magnemite
|
|-ability|p1a: Carvanha|Speed Boost|boost
|-boost|p1a: Carvanha|spe|1
|upkeep
|
|t:|1640470134
|switch|p2a: Meowth|Meowth, L5, F|100/100
|turn|5
|inactive|Waterninja718 has 90 seconds left.
|
|t:|1640470152
|move|p1a: Carvanha|Protect|p1a: Carvanha
|-singleturn|p1a: Carvanha|Protect
|move|p2a: Meowth|Fake Out|p1a: Carvanha
|-activate|p1a: Carvanha|move: Protect
|
|-ability|p1a: Carvanha|Speed Boost|boost
|-boost|p1a: Carvanha|spe|1
|upkeep
|turn|6
|
|t:|1640470160
|switch|p2a: Staryu|Staryu, L5|100/100
|move|p1a: Carvanha|Waterfall|p2a: Staryu
|-resisted|p2a: Staryu
|-damage|p2a: Staryu|69/100
|
|-ability|p1a: Carvanha|Speed Boost|boost
|-boost|p1a: Carvanha|spe|1
|upkeep
|turn|7
|inactive|Waterninja718 has 90 seconds left.
|
|t:|1640470171
|move|p1a: Carvanha|Crunch|p2a: Staryu
|-damage|p2a: Staryu|0 fnt
|faint|p2a: Staryu
|
|-ability|p1a: Carvanha|Speed Boost|boost
|-boost|p1a: Carvanha|spe|1
|upkeep
|
|t:|1640470185
|switch|p2a: Abra|Abra, L5, F|100/100
|turn|8
|inactive|Waterninja718 has 90 seconds left.
|
|t:|1640470198
|move|p1a: Carvanha|Crunch|p2a: Abra
|-supereffective|p2a: Abra
|-enditem|p2a: Abra|Focus Sash
|-damage|p2a: Abra|6/100
|move|p2a: Abra|Energy Ball|p1a: Carvanha
|-supereffective|p1a: Carvanha
|-damage|p1a: Carvanha|5/100
|
|upkeep
|turn|9
|c|☆me bean 2|of course u have a sash why wouldnt ya
|
|t:|1640470222
|move|p1a: Carvanha|Crunch|p2a: Abra
|-supereffective|p2a: Abra
|-damage|p2a: Abra|0 fnt
|faint|p2a: Abra
|
|upkeep
|
|t:|1640470228
|switch|p2a: Duskull|Duskull, L5, M|100/100
|turn|10
|inactive|Waterninja718 has 90 seconds left.
|
|t:|1640470249
|move|p2a: Duskull|Shadow Sneak|p1a: Carvanha
|-resisted|p1a: Carvanha
|-damage|p1a: Carvanha|0 fnt
|faint|p1a: Carvanha
|
|upkeep
|inactive|Waterninja718 has 90 seconds left.
|
|t:|1640470255
|switch|p1a: Cranidos|Cranidos, L5, F|100/100
|-ability|p1a: Cranidos|Mold Breaker
|turn|11
|
|t:|1640470265
|move|p1a: Cranidos|Head Smash|p2a: Duskull
|-damage|p2a: Duskull|0 fnt
|faint|p2a: Duskull
|-damage|p1a: Cranidos|53/100|[from] Recoil
|
|upkeep
|
|t:|1640470271
|switch|p2a: Cranidos|Cranidos, L5, M|100/100
|turn|12
|inactive|Waterninja718 has 90 seconds left.
|
|t:|1640470300
|switch|p1a: Aipom|Aipom, L5, F|100/100
|move|p2a: Cranidos|Earthquake|p1a: Aipom
|-damage|p1a: Aipom|32/100
|
|upkeep
|turn|13
|inactive|Waterninja718 has 90 seconds left.
|inactive|Waterninja718 has 60 seconds left.
|
|t:|1640470348
|move|p2a: Cranidos|Earthquake|p1a: Aipom
|-damage|p1a: Aipom|0 fnt
|faint|p1a: Aipom
|
|upkeep
|
|t:|1640470353
|switch|p1a: Buizel|Buizel, L5, M|100/100
|turn|14
|c|☆Waterninja718|Choice scraf
|
|t:|1640470363
|switch|p2a: Meowth|Meowth, L5, F|100/100
|move|p1a: Buizel|Waterfall|p2a: Meowth
|-damage|p2a: Meowth|10/100
|
|upkeep
|turn|15
|
|t:|1640470372
|move|p2a: Meowth|Fake Out|p1a: Buizel
|-damage|p1a: Buizel|60/100
|-damage|p2a: Meowth|0 fnt|[from] item: Life Orb
|faint|p2a: Meowth
|cant|p1a: Buizel|flinch
|
|upkeep
|c|☆me bean 2|ahaaa
|c|☆me bean 2|so gg
|
|t:|1640470388
|switch|p2a: Cranidos|Cranidos, L5, M|100/100
|turn|16
|
|t:|1640470393
|move|p2a: Cranidos|Earthquake|p1a: Buizel
|-damage|p1a: Buizel|5/100
|move|p1a: Buizel|Waterfall|p2a: Cranidos
|-supereffective|p2a: Cranidos
|-damage|p2a: Cranidos|0 fnt
|faint|p2a: Cranidos
|
|win|Waterninja718
|n|☆Waterninja718|waterninja718
|n|☆me bean 2|mebean2
