|j|☆z0mog
|j|☆SumDumBum
|t:|1644124817
|gametype|singles
|player|p1|z0mog|#z0mog|
|player|p2|SumDumBum|zinnia|
|teamsize|p1|6
|teamsize|p2|6
|gen|5
|tier|[Gen 5] OU
|rated|Tournament battle
|rule|Species Clause: Limit one of each Pokémon
|rule|OHKO Clause: OHKO moves are banned
|rule|Moody Clause: Moody is banned
|rule|Evasion Moves Clause: Evasion moves are banned
|rule|Endless Battle Clause: Forcing endless battles is banned
|rule|HP Percentage Mod: HP is shown in percentages
|rule|Evasion Abilities Clause: Evasion abilities are banned
|rule|Sleep Clause: Sleep-inducing moves are banned
|rule|Swagger Clause: Swagger is banned
|clearpoke
|poke|p1|Weavile, F|item
|poke|p1|Magnezone|item
|poke|p1|Excadrill, M|item
|poke|p1|Jirachi|item
|poke|p1|Latios, M|item
|poke|p1|Dragonite, F|item
|poke|p2|Skarmory, M|item
|poke|p2|Reuniclus, F|item
|poke|p2|Alakazam, M|item
|poke|p2|Tyranitar, M|item
|poke|p2|Gliscor, M|item
|poke|p2|Gastrodon-East, F|item
|teampreview
|j| zaaya ◜‿◝
|c|☆z0mog|hf
|c|☆SumDumBum|hfhf
|inactive|Battle timer is ON: inactive players will automatically lose when time's up. (requested by SumDumBum)
|j| ibbysonlyfan
|j| cursedstar
|c| ibbysonlyfan|weav :0
|inactive|SumDumBum has 120 seconds left.
|l|☆SumDumBum
|inactive|SumDumBum disconnected and has a minute to reconnect!
|player|p2|
|j|☆SumDumBum
|inactive|SumDumBum reconnected and has 110 seconds left.
|player|p2|SumDumBum|zinnia
|c|☆SumDumBum|bw sprites werent on :/
|
|t:|1644124877
|start
|switch|p1a: Weavile|Weavile, F|100/100
|switch|p2a: Skarmory|Skarmory, M, shiny|100/100
|-ability|p1a: Weavile|Pressure
|turn|1
|
|t:|1644124885
|switch|p1a: Magnezone|Magnezone|100/100
|-item|p1a: Magnezone|Air Balloon
|move|p2a: Skarmory|Whirlwind|p1a: Magnezone
|drag|p1a: Latios|Latios, M|100/100
|
|upkeep
|turn|2
|l| ibbysonlyfan
|
|t:|1644124891
|switch|p2a: Tyranitar|Tyranitar, M|100/100
|-weather|Sandstorm|[from] ability: Sand Stream|[of] p2a: Tyranitar
|move|p1a: Latios|Draco Meteor|p2a: Tyranitar
|-enditem|p1a: Latios|Dragon Gem|[from] gem
|-damage|p2a: Tyranitar|23/100
|-unboost|p1a: Latios|spa|2
|
|-weather|Sandstorm|[upkeep]
|-damage|p1a: Latios|95/100|[from] Sandstorm
|upkeep
|turn|3
|
|t:|1644124899
|move|p2a: Tyranitar|Crunch|p1a: Latios
|-supereffective|p1a: Latios
|-damage|p1a: Latios|0 fnt
|faint|p1a: Latios
|
|-weather|Sandstorm|[upkeep]
|upkeep
|
|t:|1644124903
|switch|p1a: Excadrill|Excadrill, M|100/100
|-ability|p1a: Excadrill|Mold Breaker
|turn|4
|
|t:|1644124910
|switch|p2a: Gliscor|Gliscor, M|100/100
|move|p1a: Excadrill|Stealth Rock|p2a: Gliscor
|-sidestart|p2: SumDumBum|move: Stealth Rock
|
|-weather|Sandstorm|[upkeep]
|-status|p2a: Gliscor|tox|[from] item: Toxic Orb
|upkeep
|turn|5
|
|t:|1644124935
|switch|p1a: Dragonite|Dragonite, F|100/100
|move|p2a: Gliscor|U-turn|p1a: Dragonite
|-resisted|p1a: Dragonite
|-damage|p1a: Dragonite|97/100
|
|t:|1644124965
|switch|p2a: Gastrodon|Gastrodon-East, F|100/100|[from]move: U-turn
|-damage|p2a: Gastrodon|94/100|[from] Stealth Rock
|
|-weather|Sandstorm|[upkeep]
|-damage|p1a: Dragonite|91/100|[from] Sandstorm
|-heal|p1a: Dragonite|97/100|[from] item: Leftovers
|-heal|p2a: Gastrodon|100/100|[from] item: Leftovers
|upkeep
|turn|6
|
|t:|1644124973
|move|p1a: Dragonite|Substitute|p1a: Dragonite
|-start|p1a: Dragonite|Substitute
|-damage|p1a: Dragonite|72/100
|move|p2a: Gastrodon|Ice Beam|p1a: Dragonite
|-supereffective|p1a: Dragonite
|-end|p1a: Dragonite|Substitute
|
|-weather|Sandstorm|[upkeep]
|-damage|p1a: Dragonite|66/100|[from] Sandstorm
|-heal|p1a: Dragonite|72/100|[from] item: Leftovers
|upkeep
|turn|7
|j|+tjay
|inactive|SumDumBum has 120 seconds left.
|inactive|SumDumBum has 90 seconds left.
|
|t:|1644125043
|move|p1a: Dragonite|Substitute|p1a: Dragonite
|-start|p1a: Dragonite|Substitute
|-damage|p1a: Dragonite|47/100
|move|p2a: Gastrodon|Scald|p1a: Dragonite
|-resisted|p1a: Dragonite
|-activate|p1a: Dragonite|Substitute|[damage]
|
|-weather|Sandstorm|[upkeep]
|-damage|p1a: Dragonite|41/100|[from] Sandstorm
|-heal|p1a: Dragonite|47/100|[from] item: Leftovers
|upkeep
|turn|8
|
|t:|1644125050
|move|p1a: Dragonite|Roost|p1a: Dragonite
|-heal|p1a: Dragonite|97/100
|-singleturn|p1a: Dragonite|move: Roost
|move|p2a: Gastrodon|Ice Beam|p1a: Dragonite
|-supereffective|p1a: Dragonite
|-end|p1a: Dragonite|Substitute
|
|-weather|Sandstorm|[upkeep]
|-damage|p1a: Dragonite|91/100|[from] Sandstorm
|-heal|p1a: Dragonite|97/100|[from] item: Leftovers
|upkeep
|turn|9
|
|t:|1644125053
|move|p1a: Dragonite|Substitute|p1a: Dragonite
|-start|p1a: Dragonite|Substitute
|-damage|p1a: Dragonite|72/100
|move|p2a: Gastrodon|Ice Beam|p1a: Dragonite
|-supereffective|p1a: Dragonite
|-end|p1a: Dragonite|Substitute
|
|-weather|Sandstorm|[upkeep]
|-damage|p1a: Dragonite|66/100|[from] Sandstorm
|-heal|p1a: Dragonite|72/100|[from] item: Leftovers
|upkeep
|turn|10
|
|t:|1644125055
|move|p1a: Dragonite|Substitute|p1a: Dragonite
|-start|p1a: Dragonite|Substitute
|-damage|p1a: Dragonite|47/100
|move|p2a: Gastrodon|Ice Beam|p1a: Dragonite
|-supereffective|p1a: Dragonite
|-end|p1a: Dragonite|Substitute
|
|-weather|Sandstorm|[upkeep]
|-damage|p1a: Dragonite|41/100|[from] Sandstorm
|-heal|p1a: Dragonite|47/100|[from] item: Leftovers
|upkeep
|turn|11
|
|t:|1644125058
|move|p1a: Dragonite|Roost|p1a: Dragonite
|-heal|p1a: Dragonite|97/100
|-singleturn|p1a: Dragonite|move: Roost
|move|p2a: Gastrodon|Ice Beam|p1a: Dragonite
|-supereffective|p1a: Dragonite
|-damage|p1a: Dragonite|64/100
|
|-weather|Sandstorm|[upkeep]
|-damage|p1a: Dragonite|58/100|[from] Sandstorm
|-heal|p1a: Dragonite|64/100|[from] item: Leftovers
|upkeep
|turn|12
|
|t:|1644125063
|switch|p2a: Skarmory|Skarmory, M, shiny|100/100
|-damage|p2a: Skarmory|88/100|[from] Stealth Rock
|move|p1a: Dragonite|Roost|p1a: Dragonite
|-heal|p1a: Dragonite|100/100
|-singleturn|p1a: Dragonite|move: Roost
|
|-weather|Sandstorm|[upkeep]
|-damage|p1a: Dragonite|94/100|[from] Sandstorm
|-heal|p1a: Dragonite|100/100|[from] item: Leftovers
|-heal|p2a: Skarmory|94/100|[from] item: Leftovers
|upkeep
|turn|13
|
|t:|1644125065
|switch|p1a: Magnezone|Magnezone|100/100
|-item|p1a: Magnezone|Air Balloon
|move|p2a: Skarmory|Whirlwind|p1a: Magnezone
|drag|p1a: Dragonite|Dragonite, F|100/100
|
|-weather|Sandstorm|[upkeep]
|-damage|p1a: Dragonite|94/100|[from] Sandstorm
|-heal|p1a: Dragonite|100/100|[from] item: Leftovers
|-heal|p2a: Skarmory|100/100|[from] item: Leftovers
|upkeep
|turn|14
|
|t:|1644125071
|switch|p1a: Magnezone|Magnezone|100/100
|-item|p1a: Magnezone|Air Balloon
|move|p2a: Skarmory|Whirlwind|p1a: Magnezone
|drag|p1a: Excadrill|Excadrill, M|100/100
|-ability|p1a: Excadrill|Mold Breaker
|
|-weather|Sandstorm|[upkeep]
|upkeep
|turn|15
|
|t:|1644125080
|switch|p1a: Weavile|Weavile, F|100/100
|-ability|p1a: Weavile|Pressure
|switch|p2a: Gliscor|Gliscor, M|100/100 tox
|-damage|p2a: Gliscor|88/100 tox|[from] Stealth Rock
|
|-weather|Sandstorm|[upkeep]
|-damage|p1a: Weavile|94/100|[from] Sandstorm
|-heal|p2a: Gliscor|100/100 tox|[from] ability: Poison Heal
|upkeep
|turn|16
|j| ibbysonlyfan
|
|t:|1644125095
|switch|p2a: Tyranitar|Tyranitar, M|23/100
|-damage|p2a: Tyranitar|11/100|[from] Stealth Rock
|move|p1a: Weavile|Swords Dance|p1a: Weavile
|-boost|p1a: Weavile|atk|2
|
|-weather|Sandstorm|[upkeep]
|-damage|p1a: Weavile|88/100|[from] Sandstorm
|upkeep
|turn|17
|
|t:|1644125106
|move|p1a: Weavile|Low Kick|p2a: Tyranitar
|-supereffective|p2a: Tyranitar
|-damage|p2a: Tyranitar|0 fnt
|faint|p2a: Tyranitar
|-damage|p1a: Weavile|78/100|[from] item: Life Orb
|
|-weather|Sandstorm|[upkeep]
|-damage|p1a: Weavile|72/100|[from] Sandstorm
|upkeep
|
|t:|1644125117
|switch|p2a: Alakazam|Alakazam, M, shiny|100/100
|turn|18
|
|t:|1644125119
|move|p1a: Weavile|Beat Up|p2a: Alakazam
|-supereffective|p2a: Alakazam
|-enditem|p2a: Alakazam|Focus Sash
|-damage|p2a: Alakazam|1/100
|-supereffective|p2a: Alakazam
|-crit|p2a: Alakazam
|-damage|p2a: Alakazam|0 fnt
|faint|p2a: Alakazam
|-hitcount|p2: Alakazam|2
|-damage|p1a: Weavile|62/100|[from] item: Life Orb
|
|-weather|Sandstorm|[upkeep]
|-damage|p1a: Weavile|56/100|[from] Sandstorm
|upkeep
|j| InfinityKnives
|
|t:|1644125129
|switch|p2a: Skarmory|Skarmory, M, shiny|100/100
|-damage|p2a: Skarmory|88/100|[from] Stealth Rock
|turn|19
|
|t:|1644125135
|switch|p1a: Magnezone|Magnezone|100/100
|-item|p1a: Magnezone|Air Balloon
|move|p2a: Skarmory|Whirlwind|p1a: Magnezone
|drag|p1a: Jirachi|Jirachi|100/100
|
|-weather|Sandstorm|[upkeep]
|-heal|p2a: Skarmory|94/100|[from] item: Leftovers
|upkeep
|turn|20
|
|t:|1644125140
|switch|p2a: Gastrodon|Gastrodon-East, F|100/100
|-damage|p2a: Gastrodon|94/100|[from] Stealth Rock
|move|p1a: Jirachi|U-turn|p2a: Gastrodon
|-damage|p2a: Gastrodon|80/100
|
|t:|1644125146
|switch|p1a: Dragonite|Dragonite, F|100/100|[from]move: U-turn
|
|-weather|Sandstorm|[upkeep]
|-damage|p1a: Dragonite|94/100|[from] Sandstorm
|-heal|p1a: Dragonite|100/100|[from] item: Leftovers
|-heal|p2a: Gastrodon|86/100|[from] item: Leftovers
|upkeep
|turn|21
|
|t:|1644125151
|move|p1a: Dragonite|Dragon Claw|p2a: Gastrodon
|-damage|p2a: Gastrodon|61/100
|move|p2a: Gastrodon|Ice Beam|p1a: Dragonite
|-supereffective|p1a: Dragonite
|-damage|p1a: Dragonite|66/100
|
|-weather|Sandstorm|[upkeep]
|-damage|p1a: Dragonite|60/100|[from] Sandstorm
|-heal|p1a: Dragonite|66/100|[from] item: Leftovers
|-heal|p2a: Gastrodon|67/100|[from] item: Leftovers
|upkeep
|turn|22
|
|t:|1644125155
|move|p1a: Dragonite|Roost|p1a: Dragonite
|-heal|p1a: Dragonite|100/100
|-singleturn|p1a: Dragonite|move: Roost
|move|p2a: Gastrodon|Recover|p2a: Gastrodon
|-heal|p2a: Gastrodon|100/100
|
|-weather|Sandstorm|[upkeep]
|-damage|p1a: Dragonite|94/100|[from] Sandstorm
|-heal|p1a: Dragonite|100/100|[from] item: Leftovers
|upkeep
|turn|23
|
|t:|1644125157
|move|p1a: Dragonite|Dragon Claw|p2a: Gastrodon
|-damage|p2a: Gastrodon|76/100
|move|p2a: Gastrodon|Scald|p1a: Dragonite
|-resisted|p1a: Dragonite
|-damage|p1a: Dragonite|96/100
|
|-weather|Sandstorm|[upkeep]
|-damage|p1a: Dragonite|89/100|[from] Sandstorm
|-heal|p1a: Dragonite|96/100|[from] item: Leftovers
|-heal|p2a: Gastrodon|82/100|[from] item: Leftovers
|upkeep
|turn|24
|
|t:|1644125166
|move|p1a: Dragonite|Substitute|p1a: Dragonite
|-start|p1a: Dragonite|Substitute
|-damage|p1a: Dragonite|71/100
|move|p2a: Gastrodon|Scald|p1a: Dragonite
|-resisted|p1a: Dragonite
|-activate|p1a: Dragonite|Substitute|[damage]
|
|-weather|Sandstorm|[upkeep]
|-damage|p1a: Dragonite|64/100|[from] Sandstorm
|-heal|p1a: Dragonite|71/100|[from] item: Leftovers
|-heal|p2a: Gastrodon|89/100|[from] item: Leftovers
|upkeep
|turn|25
|
|t:|1644125171
|move|p1a: Dragonite|Dragon Claw|p2a: Gastrodon
|-damage|p2a: Gastrodon|61/100
|move|p2a: Gastrodon|Ice Beam|p1a: Dragonite
|-supereffective|p1a: Dragonite
|-end|p1a: Dragonite|Substitute
|
|-weather|Sandstorm|[upkeep]
|-damage|p1a: Dragonite|64/100|[from] Sandstorm
|-heal|p1a: Dragonite|71/100|[from] item: Leftovers
|-heal|p2a: Gastrodon|67/100|[from] item: Leftovers
|upkeep
|turn|26
|
|t:|1644125175
|move|p1a: Dragonite|Roost|p1a: Dragonite
|-heal|p1a: Dragonite|100/100
|-singleturn|p1a: Dragonite|move: Roost
|move|p2a: Gastrodon|Ice Beam|p1a: Dragonite
|-supereffective|p1a: Dragonite
|-damage|p1a: Dragonite|82/100
|
|-weather|Sandstorm|[upkeep]
|-damage|p1a: Dragonite|76/100|[from] Sandstorm
|-heal|p1a: Dragonite|82/100|[from] item: Leftovers
|-heal|p2a: Gastrodon|73/100|[from] item: Leftovers
|upkeep
|turn|27
|
|t:|1644125188
|switch|p2a: Reuniclus|Reuniclus, F|100/100
|move|p1a: Dragonite|Substitute|p1a: Dragonite
|-start|p1a: Dragonite|Substitute
|-damage|p1a: Dragonite|57/100
|
|-weather|Sandstorm|[upkeep]
|-damage|p1a: Dragonite|51/100|[from] Sandstorm
|-heal|p1a: Dragonite|57/100|[from] item: Leftovers
|upkeep
|turn|28
|
|t:|1644125197
|move|p1a: Dragonite|Roost|p1a: Dragonite
|-heal|p1a: Dragonite|100/100
|-singleturn|p1a: Dragonite|move: Roost
|move|p2a: Reuniclus|Thunder|p1a: Dragonite
|-resisted|p1a: Dragonite
|-crit|p1a: Dragonite
|-activate|p1a: Dragonite|Substitute|[damage]
|
|-weather|Sandstorm|[upkeep]
|-damage|p1a: Dragonite|94/100|[from] Sandstorm
|-heal|p1a: Dragonite|100/100|[from] item: Leftovers
|upkeep
|turn|29
|
|t:|1644125200
|switch|p2a: Skarmory|Skarmory, M, shiny|94/100
|-damage|p2a: Skarmory|82/100|[from] Stealth Rock
|move|p1a: Dragonite|Dragon Dance|p1a: Dragonite
|-boost|p1a: Dragonite|atk|1
|-boost|p1a: Dragonite|spe|1
|
|-weather|Sandstorm|[upkeep]
|-damage|p1a: Dragonite|94/100|[from] Sandstorm
|-heal|p1a: Dragonite|100/100|[from] item: Leftovers
|-heal|p2a: Skarmory|88/100|[from] item: Leftovers
|upkeep
|turn|30
|
|t:|1644125204
|move|p1a: Dragonite|Dragon Claw|p2a: Skarmory
|-resisted|p2a: Skarmory
|-damage|p2a: Skarmory|69/100
|move|p2a: Skarmory|Whirlwind|p1a: Dragonite
|drag|p1a: Weavile|Weavile, F|56/100
|-ability|p1a: Weavile|Pressure
|
|-weather|Sandstorm|[upkeep]
|-damage|p1a: Weavile|50/100|[from] Sandstorm
|-heal|p2a: Skarmory|75/100|[from] item: Leftovers
|upkeep
|turn|31
|
|t:|1644125209
|switch|p1a: Magnezone|Magnezone|100/100
|-item|p1a: Magnezone|Air Balloon
|switch|p2a: Gliscor|Gliscor, M|100/100 tox
|-damage|p2a: Gliscor|88/100 tox|[from] Stealth Rock
|
|-weather|Sandstorm|[upkeep]
|-heal|p2a: Gliscor|100/100 tox|[from] ability: Poison Heal
|upkeep
|turn|32
|
|t:|1644125214
|switch|p1a: Dragonite|Dragonite, F|100/100
|move|p2a: Gliscor|Stealth Rock|p1a: Dragonite
|-sidestart|p1: z0mog|move: Stealth Rock
|
|-weather|Sandstorm|[upkeep]
|-damage|p1a: Dragonite|94/100|[from] Sandstorm
|-heal|p1a: Dragonite|100/100|[from] item: Leftovers
|upkeep
|turn|33
|j|#susciety
|
|t:|1644125219
|move|p1a: Dragonite|Dragon Dance|p1a: Dragonite
|-boost|p1a: Dragonite|atk|1
|-boost|p1a: Dragonite|spe|1
|move|p2a: Gliscor|U-turn|p1a: Dragonite
|-resisted|p1a: Dragonite
|-damage|p1a: Dragonite|97/100
|
|t:|1644125223
|switch|p2a: Skarmory|Skarmory, M, shiny|75/100|[from]move: U-turn
|-damage|p2a: Skarmory|63/100|[from] Stealth Rock
|
|-weather|Sandstorm|[upkeep]
|-damage|p1a: Dragonite|91/100|[from] Sandstorm
|-heal|p1a: Dragonite|97/100|[from] item: Leftovers
|-heal|p2a: Skarmory|69/100|[from] item: Leftovers
|upkeep
|turn|34
|
|t:|1644125225
|move|p1a: Dragonite|Dragon Claw|p2a: Skarmory
|-resisted|p2a: Skarmory
|-damage|p2a: Skarmory|50/100
|move|p2a: Skarmory|Whirlwind|p1a: Dragonite
|drag|p1a: Excadrill|Excadrill, M|100/100
|-damage|p1a: Excadrill|97/100|[from] Stealth Rock
|-ability|p1a: Excadrill|Mold Breaker
|
|-weather|Sandstorm|[upkeep]
|-heal|p1a: Excadrill|100/100|[from] item: Leftovers
|-heal|p2a: Skarmory|56/100|[from] item: Leftovers
|upkeep
|turn|35
|
|t:|1644125231
|switch|p2a: Gliscor|Gliscor, M|100/100 tox
|-damage|p2a: Gliscor|88/100 tox|[from] Stealth Rock
|move|p1a: Excadrill|Rapid Spin|p2a: Gliscor
|-damage|p2a: Gliscor|83/100 tox
|-sideend|p1: z0mog|Stealth Rock|[from] move: Rapid Spin|[of] p1a: Excadrill
|
|-weather|Sandstorm|[upkeep]
|-heal|p2a: Gliscor|95/100 tox|[from] ability: Poison Heal
|upkeep
|turn|36
|
|t:|1644125234
|switch|p1a: Dragonite|Dragonite, F|97/100
|move|p2a: Gliscor|Stealth Rock|p1a: Dragonite
|-sidestart|p1: z0mog|move: Stealth Rock
|
|-weather|Sandstorm|[upkeep]
|-damage|p1a: Dragonite|91/100|[from] Sandstorm
|-heal|p1a: Dragonite|97/100|[from] item: Leftovers
|-heal|p2a: Gliscor|100/100 tox|[from] ability: Poison Heal
|upkeep
|turn|37
|j|+TDR
|
|t:|1644125237
|move|p1a: Dragonite|Substitute|p1a: Dragonite
|-start|p1a: Dragonite|Substitute
|-damage|p1a: Dragonite|72/100
|move|p2a: Gliscor|U-turn|p1a: Dragonite
|-resisted|p1a: Dragonite
|-activate|p1a: Dragonite|Substitute|[damage]
|
|t:|1644125239
|switch|p2a: Skarmory|Skarmory, M, shiny|56/100|[from]move: U-turn
|-damage|p2a: Skarmory|44/100|[from] Stealth Rock
|
|-weather|Sandstorm|[upkeep]
|-damage|p1a: Dragonite|66/100|[from] Sandstorm
|-heal|p1a: Dragonite|72/100|[from] item: Leftovers
|-heal|p2a: Skarmory|50/100|[from] item: Leftovers
|upkeep
|turn|38
|
|t:|1644125242
|switch|p1a: Magnezone|Magnezone|100/100
|-damage|p1a: Magnezone|94/100|[from] Stealth Rock
|-item|p1a: Magnezone|Air Balloon
|move|p2a: Skarmory|Roost|p2a: Skarmory
|-heal|p2a: Skarmory|99/100
|-singleturn|p2a: Skarmory|move: Roost
|
|-weather|Sandstorm|[upkeep]
|-heal|p2a: Skarmory|100/100|[from] item: Leftovers
|upkeep
|turn|39
|
|t:|1644125245
|move|p1a: Magnezone|Thunderbolt|p2a: Skarmory
|-supereffective|p2a: Skarmory
|-crit|p2a: Skarmory
|-ability|p2a: Skarmory|Sturdy
|-damage|p2a: Skarmory|1/100
|move|p2a: Skarmory|Whirlwind|p1a: Magnezone
|drag|p1a: Dragonite|Dragonite, F|72/100
|-damage|p1a: Dragonite|47/100|[from] Stealth Rock
|
|-weather|Sandstorm|[upkeep]
|-damage|p1a: Dragonite|41/100|[from] Sandstorm
|-heal|p1a: Dragonite|47/100|[from] item: Leftovers
|-heal|p2a: Skarmory|7/100|[from] item: Leftovers
|upkeep
|turn|40
|
|t:|1644125252
|move|p1a: Dragonite|Dragon Claw|p2a: Skarmory
|-resisted|p2a: Skarmory
|-damage|p2a: Skarmory|0 fnt
|faint|p2a: Skarmory
|
|-weather|Sandstorm|[upkeep]
|-damage|p1a: Dragonite|41/100|[from] Sandstorm
|-heal|p1a: Dragonite|47/100|[from] item: Leftovers
|upkeep
|
|t:|1644125261
|switch|p2a: Gastrodon|Gastrodon-East, F|73/100
|-damage|p2a: Gastrodon|67/100|[from] Stealth Rock
|turn|41
|
|t:|1644125266
|move|p1a: Dragonite|Roost|p1a: Dragonite
|-heal|p1a: Dragonite|97/100
|-singleturn|p1a: Dragonite|move: Roost
|move|p2a: Gastrodon|Scald|p1a: Dragonite
|-resisted|p1a: Dragonite
|-damage|p1a: Dragonite|86/100
|
|-weather|Sandstorm|[upkeep]
|-damage|p1a: Dragonite|80/100|[from] Sandstorm
|-heal|p1a: Dragonite|86/100|[from] item: Leftovers
|-heal|p2a: Gastrodon|73/100|[from] item: Leftovers
|upkeep
|turn|42
|
|t:|1644125270
|switch|p2a: Reuniclus|Reuniclus, F|100/100
|move|p1a: Dragonite|Substitute|p1a: Dragonite
|-start|p1a: Dragonite|Substitute
|-damage|p1a: Dragonite|61/100
|
|-weather|Sandstorm|[upkeep]
|-damage|p1a: Dragonite|55/100|[from] Sandstorm
|-heal|p1a: Dragonite|61/100|[from] item: Leftovers
|upkeep
|turn|43
|
|t:|1644125272
|move|p1a: Dragonite|Roost|p1a: Dragonite
|-heal|p1a: Dragonite|100/100
|-singleturn|p1a: Dragonite|move: Roost
|move|p2a: Reuniclus|Calm Mind|p2a: Reuniclus
|-boost|p2a: Reuniclus|spa|1
|-boost|p2a: Reuniclus|spd|1
|
|-weather|Sandstorm|[upkeep]
|-damage|p1a: Dragonite|94/100|[from] Sandstorm
|-heal|p1a: Dragonite|100/100|[from] item: Leftovers
|upkeep
|turn|44
|
|t:|1644125275
|move|p1a: Dragonite|Dragon Dance|p1a: Dragonite
|-boost|p1a: Dragonite|atk|1
|-boost|p1a: Dragonite|spe|1
|move|p2a: Reuniclus|Psyshock|p1a: Dragonite
|-activate|p1a: Dragonite|Substitute|[damage]
|
|-weather|Sandstorm|[upkeep]
|-damage|p1a: Dragonite|94/100|[from] Sandstorm
|-heal|p1a: Dragonite|100/100|[from] item: Leftovers
|upkeep
|turn|45
|l|+tjay
|
|t:|1644125278
|move|p1a: Dragonite|Dragon Claw|p2a: Reuniclus
|-damage|p2a: Reuniclus|65/100
|move|p2a: Reuniclus|Calm Mind|p2a: Reuniclus
|-boost|p2a: Reuniclus|spa|1
|-boost|p2a: Reuniclus|spd|1
|
|-weather|Sandstorm|[upkeep]
|-damage|p1a: Dragonite|94/100|[from] Sandstorm
|-heal|p1a: Dragonite|100/100|[from] item: Leftovers
|-heal|p2a: Reuniclus|71/100|[from] item: Leftovers
|upkeep
|turn|46
|
|t:|1644125280
|move|p1a: Dragonite|Dragon Dance|p1a: Dragonite
|-boost|p1a: Dragonite|atk|1
|-boost|p1a: Dragonite|spe|1
|move|p2a: Reuniclus|Psyshock|p1a: Dragonite
|-end|p1a: Dragonite|Substitute
|
|-weather|Sandstorm|[upkeep]
|-damage|p1a: Dragonite|94/100|[from] Sandstorm
|-heal|p1a: Dragonite|100/100|[from] item: Leftovers
|-heal|p2a: Reuniclus|77/100|[from] item: Leftovers
|upkeep
|turn|47
|
|t:|1644125283
|move|p1a: Dragonite|Dragon Claw|p2a: Reuniclus
|-damage|p2a: Reuniclus|25/100
|move|p2a: Reuniclus|Psyshock|p1a: Dragonite
|-damage|p1a: Dragonite|70/100
|
|-weather|Sandstorm|[upkeep]
|-damage|p1a: Dragonite|64/100|[from] Sandstorm
|-heal|p1a: Dragonite|70/100|[from] item: Leftovers
|-heal|p2a: Reuniclus|32/100|[from] item: Leftovers
|upkeep
|turn|48
|
|t:|1644125286
|move|p1a: Dragonite|Dragon Claw|p2a: Reuniclus
|-damage|p2a: Reuniclus|0 fnt
|faint|p2a: Reuniclus
|
|-weather|Sandstorm|[upkeep]
|-damage|p1a: Dragonite|64/100|[from] Sandstorm
|-heal|p1a: Dragonite|70/100|[from] item: Leftovers
|upkeep
|
|t:|1644125288
|switch|p2a: Gastrodon|Gastrodon-East, F|73/100
|-damage|p2a: Gastrodon|67/100|[from] Stealth Rock
|turn|49
|
|t:|1644125290
|move|p1a: Dragonite|Dragon Claw|p2a: Gastrodon
|-damage|p2a: Gastrodon|15/100
|move|p2a: Gastrodon|Ice Beam|p1a: Dragonite
|-supereffective|p1a: Dragonite
|-damage|p1a: Dragonite|5/100
|
|-weather|Sandstorm|[upkeep]
|-damage|p1a: Dragonite|0 fnt|[from] Sandstorm
|faint|p1a: Dragonite
|-heal|p2a: Gastrodon|21/100|[from] item: Leftovers
|upkeep
|
|t:|1644125293
|switch|p1a: Weavile|Weavile, F|50/100
|-damage|p1a: Weavile|25/100|[from] Stealth Rock
|-ability|p1a: Weavile|Pressure
|turn|50
|
|t:|1644125297
|move|p1a: Weavile|Beat Up|p2a: Gastrodon
|-damage|p2a: Gastrodon|14/100
|-damage|p2a: Gastrodon|4/100
|-damage|p2a: Gastrodon|0 fnt
|faint|p2a: Gastrodon
|-hitcount|p2: Gastrodon|3
|-damage|p1a: Weavile|15/100|[from] item: Life Orb
|
|-weather|Sandstorm|[upkeep]
|-damage|p1a: Weavile|9/100|[from] Sandstorm
|upkeep
|
|t:|1644125299
|switch|p2a: Gliscor|Gliscor, M|100/100 tox
|-damage|p2a: Gliscor|88/100 tox|[from] Stealth Rock
|turn|51
|
|t:|1644125301
|move|p2a: Gliscor|Protect|p2a: Gliscor
|-singleturn|p2a: Gliscor|Protect
|move|p1a: Weavile|Ice Shard|p2a: Gliscor
|-activate|p2a: Gliscor|move: Protect
|
|-weather|Sandstorm|[upkeep]
|-damage|p1a: Weavile|3/100|[from] Sandstorm
|-heal|p2a: Gliscor|100/100 tox|[from] ability: Poison Heal
|upkeep
|turn|52
|
|t:|1644125303
|move|p2a: Gliscor|Protect||[still]
|-fail|p2a: Gliscor
|move|p1a: Weavile|Ice Shard|p2a: Gliscor
|-supereffective|p2a: Gliscor
|-damage|p2a: Gliscor|34/100 tox
|-damage|p1a: Weavile|0 fnt|[from] item: Life Orb
|faint|p1a: Weavile
|
|-weather|Sandstorm|[upkeep]
|-heal|p2a: Gliscor|47/100 tox|[from] ability: Poison Heal
|upkeep
|
|t:|1644125306
|switch|p1a: Jirachi|Jirachi|100/100
|-damage|p1a: Jirachi|94/100|[from] Stealth Rock
|turn|53
|c|☆SumDumBum|gg
|c|☆z0mog|gg
|
|t:|1644125311
|move|p2a: Gliscor|Protect|p2a: Gliscor
|-singleturn|p2a: Gliscor|Protect
|move|p1a: Jirachi|Ice Punch|p2a: Gliscor
|-activate|p2a: Gliscor|move: Protect
|
|-weather|Sandstorm|[upkeep]
|-heal|p2a: Gliscor|59/100 tox|[from] ability: Poison Heal
|upkeep
|turn|54
|
|t:|1644125312
|move|p1a: Jirachi|Ice Punch|p2a: Gliscor
|-supereffective|p2a: Gliscor
|-damage|p2a: Gliscor|3/100 tox
|move|p2a: Gliscor|Earthquake|p1a: Jirachi
|-supereffective|p1a: Jirachi
|-damage|p1a: Jirachi|34/100
|
|-weather|Sandstorm|[upkeep]
|-heal|p2a: Gliscor|16/100 tox|[from] ability: Poison Heal
|upkeep
|turn|55
|
|t:|1644125316
|move|p2a: Gliscor|Protect|p2a: Gliscor
|-singleturn|p2a: Gliscor|Protect
|move|p1a: Jirachi|Ice Punch|p2a: Gliscor
|-activate|p2a: Gliscor|move: Protect
|
|-weather|Sandstorm|[upkeep]
|-heal|p2a: Gliscor|28/100 tox|[from] ability: Poison Heal
|upkeep
|turn|56
|
|t:|1644125319
|move|p1a: Jirachi|Ice Punch|p2a: Gliscor
|-supereffective|p2a: Gliscor
|-damage|p2a: Gliscor|0 fnt
|faint|p2a: Gliscor
|
|win|z0mog
|n|☆z0mog|z0mog
|n| zaaya ◜‿◝|zaaya
|n| cursedstar|cursedstar
|n|☆SumDumBum|sumdumbum
|n| ibbysonlyfan|ibbysonlyfan
|n| InfinityKnives|infinityknives
|n|+susciety|susciety
|n| TDR|tdr
|l|+susciety
|l|☆z0mog
