|j|☆BENPAIII
|j|☆coosty in school
|t:|1643911123
|gametype|singles
|player|p1|BENPAIII|102|1126
|player|p2|coosty in school|schoolkid|1163
|teamsize|p1|6
|teamsize|p2|6
|gen|5
|tier|[Gen 5] OU
|rated|
|rule|Species Clause: Limit one of each Pokémon
|rule|OHKO Clause: OHKO moves are banned
|rule|Moody Clause: Moody is banned
|rule|Evasion Moves Clause: Evasion moves are banned
|rule|Endless Battle Clause: Forcing endless battles is banned
|rule|HP Percentage Mod: HP is shown in percentages
|rule|Evasion Abilities Clause: Evasion abilities are banned
|rule|Sleep Clause: Sleep-inducing moves are banned
|rule|Swagger Clause: Swagger is banned
|clearpoke
|poke|p1|Meloetta|item
|poke|p1|Scizor, M|item
|poke|p1|Latios, M|item
|poke|p1|Gliscor, M|item
|poke|p1|Conkeldurr, F|item
|poke|p1|Chandelure, M|item
|poke|p2|Scizor, M|item
|poke|p2|Conkeldurr, F|item
|poke|p2|Gliscor, M|item
|poke|p2|Cloyster, F|item
|poke|p2|Hydreigon, F|item
|poke|p2|Volcarona, M|item
|teampreview
|
|t:|1643911141
|start
|switch|p1a: Chandelure|Chandelure, M, shiny|100/100
|switch|p2a: Cloyster|Cloyster, F|100/100
|turn|1
|
|t:|1643911153
|move|p1a: Chandelure|Substitute|p1a: Chandelure
|-start|p1a: Chandelure|Substitute
|-damage|p1a: Chandelure|76/100
|move|p2a: Cloyster|Shell Smash|p2a: Cloyster
|-unboost|p2a: Cloyster|def|1
|-unboost|p2a: Cloyster|spd|1
|-boost|p2a: Cloyster|atk|2
|-boost|p2a: Cloyster|spa|2
|-boost|p2a: Cloyster|spe|2
|
|-heal|p1a: Chandelure|82/100|[from] item: Leftovers
|upkeep
|turn|2
|
|t:|1643911156
|move|p2a: Cloyster|Rock Blast|p1a: Chandelure
|-supereffective|p1a: Chandelure
|-end|p1a: Chandelure|Substitute
|-supereffective|p1a: Chandelure
|-damage|p1a: Chandelure|34/100
|-supereffective|p1a: Chandelure
|-damage|p1a: Chandelure|0 fnt
|faint|p1a: Chandelure
|-hitcount|p1: Chandelure|3
|
|upkeep
|
|t:|1643911161
|switch|p1a: Conkeldurr|Conkeldurr, F|100/100
|turn|3
|
|t:|1643911174
|move|p1a: Conkeldurr|Mach Punch|p2a: Cloyster
|-supereffective|p2a: Cloyster
|-damage|p2a: Cloyster|13/100
|-damage|p1a: Conkeldurr|91/100|[from] item: Life Orb
|move|p2a: Cloyster|Rock Blast|p1a: Conkeldurr
|-resisted|p1a: Conkeldurr
|-damage|p1a: Conkeldurr|84/100
|-resisted|p1a: Conkeldurr
|-damage|p1a: Conkeldurr|78/100
|-resisted|p1a: Conkeldurr
|-damage|p1a: Conkeldurr|72/100
|-resisted|p1a: Conkeldurr
|-damage|p1a: Conkeldurr|65/100
|-resisted|p1a: Conkeldurr
|-damage|p1a: Conkeldurr|58/100
|-hitcount|p1a: Conkeldurr|5
|
|upkeep
|turn|4
|inactive|Battle timer is ON: inactive players will automatically lose when time's up. (requested by BENPAIII)
|l|☆BENPAIII
|inactive|BENPAIII disconnected and has a minute to reconnect!
|player|p1|
|j|☆BENPAIII
|inactive|BENPAIII reconnected.
|player|p1|BENPAIII|102
|
|t:|1643911240
|switch|p2a: Volcarona|Volcarona, M|100/100
|move|p1a: Conkeldurr|Mach Punch|p2a: Volcarona
|-resisted|p2a: Volcarona
|-damage|p2a: Volcarona|76/100
|-damage|p1a: Conkeldurr|49/100|[from] item: Life Orb
|
|upkeep
|turn|5
|
|t:|1643911249
|switch|p1a: Latios|Latios, M, shiny|100/100
|move|p2a: Volcarona|Quiver Dance|p2a: Volcarona
|-boost|p2a: Volcarona|spa|1
|-boost|p2a: Volcarona|spd|1
|-boost|p2a: Volcarona|spe|1
|
|upkeep
|turn|6
|
|t:|1643911254
|move|p1a: Latios|Draco Meteor|p2a: Volcarona
|-damage|p2a: Volcarona|25/100
|-unboost|p1a: Latios|spa|2
|move|p2a: Volcarona|Bug Buzz|p1a: Latios
|-supereffective|p1a: Latios
|-damage|p1a: Latios|0 fnt
|faint|p1a: Latios
|-damage|p2a: Volcarona|15/100|[from] item: Life Orb
|
|upkeep
|
|t:|1643911262
|switch|p1a: Conkeldurr|Conkeldurr, F|49/100
|turn|7
|
|t:|1643911268
|move|p1a: Conkeldurr|Mach Punch|p2a: Volcarona
|-resisted|p2a: Volcarona
|-damage|p2a: Volcarona|0 fnt
|faint|p2a: Volcarona
|-damage|p1a: Conkeldurr|39/100|[from] item: Life Orb
|
|upkeep
|
|t:|1643911287
|switch|p2a: Gliscor|Gliscor, M|100/100
|turn|8
|
|t:|1643911293
|move|p2a: Gliscor|Stealth Rock|p1a: Conkeldurr
|-sidestart|p1: BENPAIII|move: Stealth Rock
|move|p1a: Conkeldurr|Ice Punch|p2a: Gliscor
|-supereffective|p2a: Gliscor
|-damage|p2a: Gliscor|0 fnt
|faint|p2a: Gliscor
|
|upkeep
|
|t:|1643911306
|switch|p2a: Conkeldurr|Conkeldurr, F|100/100
|turn|9
|
|t:|1643911316
|move|p1a: Conkeldurr|Drain Punch|p2a: Conkeldurr
|-damage|p2a: Conkeldurr|49/100
|-heal|p1a: Conkeldurr|64/100|[from] drain|[of] p2a: Conkeldurr
|-damage|p1a: Conkeldurr|54/100|[from] item: Life Orb
|move|p2a: Conkeldurr|Superpower|p1a: Conkeldurr
|-damage|p1a: Conkeldurr|0 fnt
|-unboost|p2a: Conkeldurr|atk|1
|-unboost|p2a: Conkeldurr|def|1
|faint|p1a: Conkeldurr
|-damage|p2a: Conkeldurr|39/100|[from] item: Life Orb
|
|upkeep
|
|t:|1643911326
|switch|p1a: Meloetta|Meloetta|100/100
|-damage|p1a: Meloetta|88/100|[from] Stealth Rock
|turn|10
|
|t:|1643911334
|move|p2a: Conkeldurr|Mach Punch|p1a: Meloetta
|-damage|p1a: Meloetta|56/100
|-damage|p2a: Conkeldurr|29/100|[from] item: Life Orb
|move|p1a: Meloetta|Relic Song|p2a: Conkeldurr
|-damage|p2a: Conkeldurr|0 fnt
|faint|p2a: Conkeldurr
|-formechange|p1a: Meloetta|Meloetta-Pirouette|[msg]
|
|-heal|p1a: Meloetta|62/100|[from] item: Leftovers
|upkeep
|
|t:|1643911349
|switch|p2a: Hydreigon|Hydreigon, F|100/100
|turn|11
|
|t:|1643911357
|move|p1a: Meloetta|U-turn|p2a: Hydreigon
|-supereffective|p2a: Hydreigon
|-damage|p2a: Hydreigon|40/100
|
|t:|1643911362
|switch|p1a: Scizor|Scizor, M|100/100|[from]move: U-turn
|-damage|p1a: Scizor|88/100|[from] Stealth Rock
|move|p2a: Hydreigon|Draco Meteor|p1a: Scizor
|-resisted|p1a: Scizor
|-damage|p1a: Scizor|46/100
|-unboost|p2a: Hydreigon|spa|2
|
|-heal|p1a: Scizor|52/100|[from] item: Leftovers
|upkeep
|turn|12
|
|t:|1643911371
|move|p2a: Hydreigon|Fire Blast|p1a: Scizor
|-supereffective|p1a: Scizor
|-damage|p1a: Scizor|0 fnt
|faint|p1a: Scizor
|
|upkeep
|
|t:|1643911375
|switch|p1a: Meloetta|Meloetta|62/100
|-damage|p1a: Meloetta|50/100|[from] Stealth Rock
|turn|13
|
|t:|1643911379
|switch|p2a: Cloyster|Cloyster, F|13/100
|move|p1a: Meloetta|Relic Song|p2a: Cloyster
|-damage|p2a: Cloyster|0 fnt
|faint|p2a: Cloyster
|-formechange|p1a: Meloetta|Meloetta-Pirouette|[msg]
|
|-heal|p1a: Meloetta|56/100|[from] item: Leftovers
|upkeep
|
|t:|1643911385
|switch|p2a: Scizor|Scizor, M|100/100
|turn|14
|
|t:|1643911388
|switch|p1a: Gliscor|Gliscor, M, shiny|100/100
|-damage|p1a: Gliscor|88/100|[from] Stealth Rock
|move|p2a: Scizor|Acrobatics|p1a: Gliscor
|-enditem|p2a: Scizor|Flying Gem|[from] gem
|-damage|p1a: Gliscor|54/100
|
|-status|p1a: Gliscor|tox|[from] item: Toxic Orb
|upkeep
|turn|15
|
|t:|1643911396
|move|p2a: Scizor|Acrobatics|p1a: Gliscor
|-damage|p1a: Gliscor|31/100 tox
|move|p1a: Gliscor|Earthquake|p2a: Scizor
|-damage|p2a: Scizor|61/100
|
|-heal|p1a: Gliscor|44/100 tox|[from] ability: Poison Heal
|upkeep
|turn|16
|
|t:|1643911405
|move|p2a: Scizor|Bullet Punch|p1a: Gliscor
|-damage|p1a: Gliscor|24/100 tox
|move|p1a: Gliscor|Roost|p1a: Gliscor
|-heal|p1a: Gliscor|74/100 tox
|-singleturn|p1a: Gliscor|move: Roost
|
|-heal|p1a: Gliscor|87/100 tox|[from] ability: Poison Heal
|upkeep
|turn|17
|
|t:|1643911410
|switch|p2a: Hydreigon|Hydreigon, F|40/100
|move|p1a: Gliscor|Earthquake|p2a: Hydreigon
|-immune|p2a: Hydreigon|[from] ability: Levitate
|
|-heal|p1a: Gliscor|99/100 tox|[from] ability: Poison Heal
|upkeep
|turn|18
|
|t:|1643911419
|move|p2a: Hydreigon|Draco Meteor|p1a: Gliscor
|-damage|p1a: Gliscor|7/100 tox
|-unboost|p2a: Hydreigon|spa|2
|move|p1a: Gliscor|Ice Fang|p2a: Hydreigon
|-supereffective|p2a: Hydreigon
|-crit|p2a: Hydreigon
|-damage|p2a: Hydreigon|0 fnt
|faint|p2a: Hydreigon
|
|-heal|p1a: Gliscor|19/100 tox|[from] ability: Poison Heal
|upkeep
|
|t:|1643911421
|switch|p2a: Scizor|Scizor, M|61/100
|turn|19
|
|t:|1643911431
|move|p2a: Scizor|Bullet Punch|p1a: Gliscor
|-damage|p1a: Gliscor|1/100 tox
|move|p1a: Gliscor|Roost|p1a: Gliscor
|-heal|p1a: Gliscor|51/100 tox
|-singleturn|p1a: Gliscor|move: Roost
|
|-heal|p1a: Gliscor|64/100 tox|[from] ability: Poison Heal
|upkeep
|turn|20
|
|t:|1643911439
|move|p2a: Scizor|Knock Off|p1a: Gliscor
|-damage|p1a: Gliscor|57/100 tox
|-enditem|p1a: Gliscor|Toxic Orb|[from] move: Knock Off|[of] p2a: Scizor
|move|p1a: Gliscor|Roost|p1a: Gliscor
|-heal|p1a: Gliscor|100/100 tox
|-singleturn|p1a: Gliscor|move: Roost
|
|upkeep
|turn|21
|-message|coosty in school forfeited.
|
|win|BENPAIII
|raw|BENPAIII's rating: 1126 &rarr; <strong>1154</strong><br />(+28 for winning)
|raw|coosty in school's rating: 1163 &rarr; <strong>1135</strong><br />(-28 for losing)
|l|☆coosty in school
|l|☆BENPAIII
|j|☆BENPAIII
|player|p1|BENPAIII|102
||Ladder isn't responding, score probably updated but might not have (Request timeout).
