|j|☆NeverTilted1
|j|☆bruhgivemeaname
|t:|1641874489
|gametype|singles
|player|p1|NeverTilted1|brawly|1097
|player|p2|bruhgivemeaname|iris-gen5bw2|1000
|teamsize|p1|6
|teamsize|p2|6
|gen|5
|tier|[Gen 5] NU
|rated|
|rule|Species Clause: Limit one of each Pokémon
|rule|OHKO Clause: OHKO moves are banned
|rule|Moody Clause: Moody is banned
|rule|Evasion Moves Clause: Evasion moves are banned
|rule|Endless Battle Clause: Forcing endless battles is banned
|rule|HP Percentage Mod: HP is shown in percentages
|rule|Evasion Abilities Clause: Evasion abilities are banned
|rule|Swagger Clause: Swagger is banned
|rule|Baton Pass Clause: Limit one Baton Passer, can't pass Spe and other stats simultaneously
|rule|Sleep Clause Mod: Limit one foe put to sleep
|clearpoke
|poke|p1|Primeape, M|item
|poke|p1|Alomomola, M|item
|poke|p1|Skuntank, M|item
|poke|p1|Piloswine, M|item
|poke|p1|Garbodor, M|item
|poke|p1|Misdreavus, F|item
|poke|p2|Alomomola, F|item
|poke|p2|Golurk|item
|poke|p2|Garbodor, F|item
|poke|p2|Wartortle, F|item
|poke|p2|Skuntank, F|item
|poke|p2|Sawsbuck-Winter, F|item
|teampreview
|
|t:|1641874509
|start
|switch|p1a: Primeape|Primeape, M|100/100
|switch|p2a: Golurk|Golurk|100/100
|turn|1
|
|t:|1641874518
|move|p1a: Primeape|U-turn|p2a: Golurk
|-resisted|p2a: Golurk
|-damage|p2a: Golurk|81/100
|
|t:|1641874525
|switch|p1a: Skuntank|Skuntank, M|100/100|[from]move: U-turn
|move|p2a: Golurk|Earthquake|p1a: Skuntank
|-supereffective|p1a: Skuntank
|-damage|p1a: Skuntank|0 fnt
|faint|p1a: Skuntank
|
|upkeep
|
|t:|1641874530
|switch|p1a: Misdreavus|Misdreavus, F|100/100
|turn|2
|
|t:|1641874537
|switch|p1a: Piloswine|Piloswine, M|100/100
|switch|p2a: Skuntank|Skuntank, F|100/100
|
|upkeep
|turn|3
|
|t:|1641874546
|switch|p2a: Alomomola|Alomomola, F|100/100
|move|p1a: Piloswine|Stealth Rock|p2a: Alomomola
|-sidestart|p2: bruhgivemeaname|move: Stealth Rock
|
|upkeep
|turn|4
|
|t:|1641874552
|move|p2a: Alomomola|Knock Off|p1a: Piloswine
|-damage|p1a: Piloswine|98/100
|-enditem|p1a: Piloswine|Eviolite|[from] move: Knock Off|[of] p2a: Alomomola
|move|p1a: Piloswine|Toxic|p2a: Alomomola
|-status|p2a: Alomomola|tox
|
|-damage|p2a: Alomomola|94/100 tox|[from] psn
|upkeep
|turn|5
|
|t:|1641874555
|move|p2a: Alomomola|Scald|p1a: Piloswine
|-supereffective|p1a: Piloswine
|-damage|p1a: Piloswine|69/100
|-status|p1a: Piloswine|brn
|move|p1a: Piloswine|Earthquake|p2a: Alomomola
|-damage|p2a: Alomomola|83/100 tox
|
|-damage|p2a: Alomomola|71/100 tox|[from] psn
|-damage|p1a: Piloswine|57/100 brn|[from] brn
|upkeep
|turn|6
|
|t:|1641874561
|switch|p1a: Misdreavus|Misdreavus, F|100/100
|move|p2a: Alomomola|Scald|p1a: Misdreavus
|-damage|p1a: Misdreavus|86/100
|
|-damage|p2a: Alomomola|53/100 tox|[from] psn
|upkeep
|turn|7
|
|t:|1641874565
|move|p1a: Misdreavus|Taunt|p2a: Alomomola
|-start|p2a: Alomomola|move: Taunt
|move|p2a: Alomomola|Knock Off|p1a: Misdreavus
|-supereffective|p1a: Misdreavus
|-damage|p1a: Misdreavus|77/100
|-enditem|p1a: Misdreavus|Eviolite|[from] move: Knock Off|[of] p2a: Alomomola
|
|-damage|p2a: Alomomola|29/100 tox|[from] psn
|upkeep
|turn|8
|
|t:|1641874576
|switch|p1a: Piloswine|Piloswine, M|57/100 brn
|switch|p2a: Skuntank|Skuntank, F|100/100
|-damage|p2a: Skuntank|88/100|[from] Stealth Rock
|
|-damage|p1a: Piloswine|45/100 brn|[from] brn
|upkeep
|turn|9
|
|t:|1641874583
|move|p2a: Skuntank|Crunch|p1a: Piloswine
|-damage|p1a: Piloswine|0 fnt
|faint|p1a: Piloswine
|
|upkeep
|
|t:|1641874586
|switch|p1a: Primeape|Primeape, M|100/100
|turn|10
|
|t:|1641874594
|switch|p2a: Alomomola|Alomomola, F|62/100 tox
|-damage|p2a: Alomomola|49/100 tox|[from] Stealth Rock
|move|p1a: Primeape|Earthquake|p2a: Alomomola
|-damage|p2a: Alomomola|24/100 tox
|
|-damage|p2a: Alomomola|18/100 tox|[from] psn
|upkeep
|turn|11
|
|t:|1641874599
|move|p1a: Primeape|Earthquake|p2a: Alomomola
|-damage|p2a: Alomomola|0 fnt
|faint|p2a: Alomomola
|
|upkeep
|
|t:|1641874622
|switch|p2a: Sawsbuck|Sawsbuck-Winter, F|100/100
|-damage|p2a: Sawsbuck|88/100|[from] Stealth Rock
|turn|12
|
|t:|1641874626
|switch|p1a: Garbodor|Garbodor, M|100/100
|move|p2a: Sawsbuck|Swords Dance|p2a: Sawsbuck
|-boost|p2a: Sawsbuck|atk|2
|
|upkeep
|turn|13
|
|t:|1641874632
|move|p1a: Garbodor|Gunk Shot|p2a: Sawsbuck|[miss]
|-miss|p1a: Garbodor|p2a: Sawsbuck
|move|p2a: Sawsbuck|Nature Power|p2a: Sawsbuck
|move|p2a: Sawsbuck|Earthquake|p1a: Garbodor|[from]move: Nature Power
|-supereffective|p1a: Garbodor
|-damage|p1a: Garbodor|0 fnt
|faint|p1a: Garbodor
|-damage|p2a: Sawsbuck|78/100|[from] item: Life Orb
|
|upkeep
|
|t:|1641874643
|switch|p1a: Primeape|Primeape, M|100/100
|turn|14
|
|t:|1641874652
|switch|p2a: Garbodor|Garbodor, F|100/100
|-damage|p2a: Garbodor|88/100|[from] Stealth Rock
|move|p1a: Primeape|Close Combat|p2a: Garbodor
|-resisted|p2a: Garbodor
|-damage|p2a: Garbodor|43/100
|-unboost|p1a: Primeape|def|1
|-unboost|p1a: Primeape|spd|1
|
|-heal|p2a: Garbodor|49/100|[from] item: Leftovers
|upkeep
|turn|15
|
|t:|1641874657
|switch|p1a: Alomomola|Alomomola, M|100/100
|move|p2a: Garbodor|Sludge Bomb|p1a: Alomomola
|-damage|p1a: Alomomola|86/100
|
|-heal|p2a: Garbodor|55/100|[from] item: Leftovers
|upkeep
|turn|16
|
|t:|1641874664
|move|p2a: Garbodor|Spikes|p1a: Alomomola
|-sidestart|p1: NeverTilted1|Spikes
|move|p1a: Alomomola|Scald|p2a: Garbodor
|-damage|p2a: Garbodor|44/100
|-status|p2a: Garbodor|brn
|
|-heal|p2a: Garbodor|50/100 brn|[from] item: Leftovers
|-damage|p2a: Garbodor|38/100 brn|[from] brn
|upkeep
|turn|17
|
|t:|1641874668
|move|p2a: Garbodor|Spikes|p1a: Alomomola
|-sidestart|p1: NeverTilted1|Spikes
|move|p1a: Alomomola|Wish|p1a: Alomomola
|
|-heal|p2a: Garbodor|44/100 brn|[from] item: Leftovers
|-damage|p2a: Garbodor|31/100 brn|[from] brn
|upkeep
|turn|18
|
|t:|1641874671
|switch|p1a: Primeape|Primeape, M|100/100
|-damage|p1a: Primeape|84/100|[from] Spikes
|move|p2a: Garbodor|Pain Split|p1a: Primeape
|-sethp|p1a: Primeape|63/100|[from] move: Pain Split|[silent]
|-sethp|p2a: Garbodor|47/100 brn|[from] move: Pain Split
|
|-heal|p1a: Primeape|100/100|[from] move: Wish|[wisher] Alomomola
|-heal|p2a: Garbodor|53/100 brn|[from] item: Leftovers
|-damage|p2a: Garbodor|41/100 brn|[from] brn
|upkeep
|turn|19
|
|t:|1641874680
|move|p1a: Primeape|Earthquake|p2a: Garbodor
|-supereffective|p2a: Garbodor
|-damage|p2a: Garbodor|0 fnt
|faint|p2a: Garbodor
|
|upkeep
|
|t:|1641874686
|switch|p2a: Sawsbuck|Sawsbuck-Winter, F|78/100
|-damage|p2a: Sawsbuck|66/100|[from] Stealth Rock
|turn|20
|
|t:|1641874697
|move|p1a: Primeape|Earthquake|p2a: Sawsbuck
|-resisted|p2a: Sawsbuck
|-damage|p2a: Sawsbuck|30/100
|move|p2a: Sawsbuck|Horn Leech|p1a: Primeape
|-damage|p1a: Primeape|26/100
|-heal|p2a: Sawsbuck|64/100|[from] drain|[of] p1a: Primeape
|-damage|p2a: Sawsbuck|54/100|[from] item: Life Orb
|
|upkeep
|turn|21
|
|t:|1641874707
|move|p1a: Primeape|Earthquake|p2a: Sawsbuck
|-resisted|p2a: Sawsbuck
|-damage|p2a: Sawsbuck|22/100
|move|p2a: Sawsbuck|Horn Leech|p1a: Primeape
|-damage|p1a: Primeape|0 fnt
|-heal|p2a: Sawsbuck|33/100|[from] drain|[of] p1a: Primeape
|faint|p1a: Primeape
|-damage|p2a: Sawsbuck|23/100|[from] item: Life Orb
|
|upkeep
|
|t:|1641874709
|switch|p1a: Misdreavus|Misdreavus, F|77/100
|turn|22
|
|t:|1641874717
|switch|p2a: Skuntank|Skuntank, F|88/100
|-damage|p2a: Skuntank|76/100|[from] Stealth Rock
|move|p1a: Misdreavus|Thunderbolt|p2a: Skuntank
|-damage|p2a: Skuntank|43/100
|
|upkeep
|turn|23
|
|t:|1641874723
|move|p1a: Misdreavus|Thunderbolt|p2a: Skuntank
|-damage|p2a: Skuntank|11/100
|move|p2a: Skuntank|Crunch|p1a: Misdreavus
|-supereffective|p1a: Misdreavus
|-damage|p1a: Misdreavus|0 fnt
|faint|p1a: Misdreavus
|
|upkeep
|
|t:|1641874727
|switch|p1a: Alomomola|Alomomola, M|100/100
|-damage|p1a: Alomomola|84/100|[from] Spikes
|turn|24
|
|t:|1641874731
|move|p2a: Skuntank|Crunch|p1a: Alomomola
|-crit|p1a: Alomomola
|-damage|p1a: Alomomola|0 fnt
|faint|p1a: Alomomola
|
|win|bruhgivemeaname
|raw|NeverTilted1's rating: 1097 &rarr; <strong>1066</strong><br />(-31 for losing)
|raw|bruhgivemeaname's rating: 1000 &rarr; <strong>1051</strong><br />(+51 for winning)
|l|☆NeverTilted1
