|j|☆EverLearning
|j|☆rexxonmobile
|t:|1643941874
|gametype|singles
|player|p1|EverLearning|pryce|1105
|player|p2|rexxonmobile|266|1194
|teamsize|p1|6
|teamsize|p2|6
|gen|5
|tier|[Gen 5] OU
|rated|
|rule|Species Clause: Limit one of each Pokémon
|rule|OHKO Clause: OHKO moves are banned
|rule|Moody Clause: Moody is banned
|rule|Evasion Moves Clause: Evasion moves are banned
|rule|Endless Battle Clause: Forcing endless battles is banned
|rule|HP Percentage Mod: HP is shown in percentages
|rule|Evasion Abilities Clause: Evasion abilities are banned
|rule|Sleep Clause: Sleep-inducing moves are banned
|rule|Swagger Clause: Swagger is banned
|clearpoke
|poke|p1|Weavile, M|item
|poke|p1|Lucario, M|item
|poke|p1|Gliscor, M|item
|poke|p1|Rotom-Wash|item
|poke|p1|Sableye, M|item
|poke|p1|Hydreigon, F|item
|poke|p2|Landorus-Therian, M|item
|poke|p2|Rotom-Wash|item
|poke|p2|Scizor, M|item
|poke|p2|Espeon, M|item
|poke|p2|Infernape, M|item
|poke|p2|Jolteon, F|item
|teampreview
|
|t:|1643941885
|start
|switch|p1a: Sableye|Sableye, M|100/100
|switch|p2a: Scizor|Scizor, M|100/100
|turn|1
|
|t:|1643941891
|switch|p2a: Espeon|Espeon, M|100/100
|move|p1a: Sableye|Will-O-Wisp|p2a: Espeon
|move|p2a: Espeon|Will-O-Wisp|p1a: Sableye|[from]ability: Magic Bounce
|-status|p1a: Sableye|brn
|
|-damage|p1a: Sableye|88/100 brn|[from] brn
|upkeep
|turn|2
|
|t:|1643941909
|switch|p2a: Scizor|Scizor, M|100/100
|move|p1a: Sableye|Foul Play|p2a: Scizor
|-resisted|p2a: Scizor
|-damage|p2a: Scizor|86/100
|
|-heal|p2a: Scizor|92/100|[from] item: Leftovers
|-heal|p1a: Sableye|94/100 brn|[from] item: Leftovers
|-damage|p1a: Sableye|82/100 brn|[from] brn
|upkeep
|turn|3
|
|t:|1643941920
|switch|p2a: Infernape|Infernape, M|100/100
|switch|p1a: Hydreigon|Hydreigon, F|100/100
|
|upkeep
|turn|4
|
|t:|1643941927
|move|p2a: Infernape|Stealth Rock|p1a: Hydreigon
|-sidestart|p1: EverLearning|move: Stealth Rock
|move|p1a: Hydreigon|Draco Meteor|p2a: Infernape
|-enditem|p2a: Infernape|Focus Sash
|-damage|p2a: Infernape|1/100
|-unboost|p1a: Hydreigon|spa|2
|
|upkeep
|turn|5
|
|t:|1643941936
|move|p2a: Infernape|U-turn|p1a: Hydreigon
|-supereffective|p1a: Hydreigon
|-damage|p1a: Hydreigon|59/100
|
|t:|1643941943
|switch|p2a: Scizor|Scizor, M|92/100|[from]move: U-turn
|move|p1a: Hydreigon|Draco Meteor|p2a: Scizor
|-resisted|p2a: Scizor
|-damage|p2a: Scizor|62/100
|-unboost|p1a: Hydreigon|spa|2
|
|-heal|p2a: Scizor|68/100|[from] item: Leftovers
|upkeep
|turn|6
|
|t:|1643941957
|switch|p1a: Rotom|Rotom-Wash|100/100
|-damage|p1a: Rotom|88/100|[from] Stealth Rock
|move|p2a: Scizor|Swords Dance|p2a: Scizor
|-boost|p2a: Scizor|atk|2
|
|-heal|p2a: Scizor|74/100|[from] item: Leftovers
|upkeep
|turn|7
|
|t:|1643941970
|move|p1a: Rotom|Trick|p2a: Scizor
|-activate|p1a: Rotom|move: Trick|[of] p2a: Scizor
|-item|p2a: Scizor|Choice Scarf|[from] move: Trick
|-item|p1a: Rotom|Leftovers|[from] move: Trick
|move|p2a: Scizor|U-turn|p1a: Rotom
|-damage|p1a: Rotom|0 fnt
|faint|p1a: Rotom
|
|t:|1643941985
|switch|p2a: Jolteon|Jolteon, F|100/100|[from]move: U-turn
|
|upkeep
|
|t:|1643941994
|switch|p1a: Lucario|Lucario, M|100/100
|-damage|p1a: Lucario|98/100|[from] Stealth Rock
|turn|8
|
|t:|1643941998
|move|p2a: Jolteon|Volt Switch|p1a: Lucario
|-damage|p1a: Lucario|43/100
|
|t:|1643942004
|switch|p2a: Landorus|Landorus-Therian, M|100/100|[from]move: Volt Switch
|-ability|p2a: Landorus|Intimidate|boost
|-unboost|p1a: Lucario|atk|1
|move|p1a: Lucario|Swords Dance|p1a: Lucario
|-boost|p1a: Lucario|atk|2
|
|upkeep
|turn|9
|
|t:|1643942014
|move|p2a: Landorus|Earthquake|p1a: Lucario
|-supereffective|p1a: Lucario
|-damage|p1a: Lucario|0 fnt
|faint|p1a: Lucario
|
|upkeep
|-message|EverLearning forfeited.
|
|win|rexxonmobile
|raw|EverLearning's rating: 1105 &rarr; <strong>1086</strong><br />(-19 for losing)
|raw|rexxonmobile's rating: 1194 &rarr; <strong>1213</strong><br />(+19 for winning)
|l|☆EverLearning
