|j|☆Kevin Dickey12
|j|☆Riastylis
|t:|1637627061
|gametype|singles
|player|p1|Kevin Dickey12|ethan|
|player|p2|Riastylis|veteran|
|teamsize|p1|6
|teamsize|p2|6
|gen|5
|tier|[Gen 5] LC
|rule|Species Clause: Limit one of each Pokémon
|rule|OHKO Clause: OHKO moves are banned
|rule|Moody Clause: Moody is banned
|rule|Evasion Moves Clause: Evasion moves are banned
|rule|Endless Battle Clause: Forcing endless battles is banned
|rule|HP Percentage Mod: HP is shown in percentages
|rule|Sleep Clause: Sleep-inducing moves are banned
|clearpoke
|poke|p1|Riolu, L5, M|item
|poke|p1|Ferroseed, L5, M|item
|poke|p1|Drifloon, L5, M|item
|poke|p1|Tirtouga, L5, M|item
|poke|p1|Magby, L5, M|item
|poke|p1|Munna, L5, M|item
|poke|p2|Anorith, L5, M|item
|poke|p2|Deino, L5, F|item
|poke|p2|Ponyta, L5, F|item
|poke|p2|Munchlax, L5, M|item
|poke|p2|Chinchou, L5, F|item
|poke|p2|Abra, L5, F|item
|teampreview
|
|t:|1637627076
|start
|switch|p1a: Sweet Dreams|Munna, L5, M, shiny|100/100
|switch|p2a: Anorith|Anorith, L5, M|100/100
|turn|1
|
|t:|1637627102
|switch|p1a: T H E S E E D !|Ferroseed, L5, M|100/100
|move|p2a: Anorith|Stealth Rock|p1a: T H E S E E D !
|-sidestart|p1: Kevin Dickey12|move: Stealth Rock
|
|upkeep
|turn|2
|
|t:|1637627113
|move|p2a: Anorith|Knock Off|p1a: T H E S E E D !
|-resisted|p1a: T H E S E E D !
|-damage|p1a: T H E S E E D !|96/100
|-damage|p2a: Anorith|91/100|[from] ability: Iron Barbs|[of] p1a: T H E S E E D !
|-damage|p2a: Anorith|77/100|[from] item: Rocky Helmet|[of] p1a: T H E S E E D !
|-enditem|p1a: T H E S E E D !|Rocky Helmet|[from] move: Knock Off|[of] p2a: Anorith
|move|p1a: T H E S E E D !|Leech Seed|p2a: Anorith
|-start|p2a: Anorith|move: Leech Seed
|
|-damage|p2a: Anorith|67/100|[from] Leech Seed|[of] p1a: T H E S E E D !
|-heal|p1a: T H E S E E D !|100/100|[silent]
|upkeep
|turn|3
|
|t:|1637627129
|switch|p2a: Ponyta|Ponyta, L5, F|100/100
|move|p1a: T H E S E E D !|Thunder Wave|p2a: Ponyta
|-status|p2a: Ponyta|par
|
|upkeep
|turn|4
|
|t:|1637627144
|switch|p1a: Sweet Dreams|Munna, L5, M, shiny|100/100
|-damage|p1a: Sweet Dreams|88/100|[from] Stealth Rock
|move|p2a: Ponyta|Wild Charge|p1a: Sweet Dreams
|-damage|p1a: Sweet Dreams|30/100
|-damage|p2a: Ponyta|82/100 par|[from] Recoil
|-damage|p2a: Ponyta|73/100 par|[from] item: Life Orb
|
|upkeep
|turn|5
|
|t:|1637627178
|switch|p2a: Deino|Deino, L5, F|100/100
|move|p1a: Sweet Dreams|Reflect|p1a: Sweet Dreams
|-sidestart|p1: Kevin Dickey12|Reflect
|
|upkeep
|turn|6
|
|t:|1637627192
|move|p2a: Deino|Crunch|p1a: Sweet Dreams|[miss]
|-miss|p2a: Deino|p1a: Sweet Dreams
|move|p1a: Sweet Dreams|Toxic|p2a: Deino
|-status|p2a: Deino|tox
|
|-damage|p2a: Deino|96/100 tox|[from] psn
|upkeep
|turn|7
|
|t:|1637627206
|switch|p1a: T H E S E E D !|Ferroseed, L5, M|100/100
|-damage|p1a: T H E S E E D !|96/100|[from] Stealth Rock
|move|p2a: Deino|Crunch|p1a: T H E S E E D !
|-resisted|p1a: T H E S E E D !
|-damage|p1a: T H E S E E D !|82/100
|-damage|p2a: Deino|87/100 tox|[from] ability: Iron Barbs|[of] p1a: T H E S E E D !
|
|-damage|p2a: Deino|78/100 tox|[from] psn
|upkeep
|turn|8
|
|t:|1637627220
|switch|p2a: Ponyta|Ponyta, L5, F|73/100 par
|move|p1a: T H E S E E D !|Stealth Rock|p2a: Ponyta
|-sidestart|p2: Riastylis|move: Stealth Rock
|
|upkeep
|turn|9
|
|t:|1637627245
|switch|p1a: Lil Lavaburst🔥|Magby, L5, M, shiny|100/100
|-damage|p1a: Lil Lavaburst🔥|77/100|[from] Stealth Rock
|move|p2a: Ponyta|Wild Charge|p1a: Lil Lavaburst🔥
|-damage|p1a: Lil Lavaburst🔥|39/100
|-damage|p2a: Ponyta|64/100 par|[from] Recoil
|-damage|p2a: Ponyta|55/100 par|[from] item: Life Orb
|
|upkeep
|turn|10
|
|t:|1637627260
|move|p1a: Lil Lavaburst🔥|Psychic|p2a: Ponyta
|-damage|p2a: Ponyta|0 fnt
|faint|p2a: Ponyta
|
|upkeep
|
|t:|1637627264
|switch|p2a: Chinchou|Chinchou, L5, F|100/100
|-damage|p2a: Chinchou|88/100|[from] Stealth Rock
|turn|11
|
|t:|1637627284
|move|p1a: Lil Lavaburst🔥|Psychic|p2a: Chinchou
|-damage|p2a: Chinchou|40/100
|move|p2a: Chinchou|Scald|p1a: Lil Lavaburst🔥
|-supereffective|p1a: Lil Lavaburst🔥
|-damage|p1a: Lil Lavaburst🔥|0 fnt
|faint|p1a: Lil Lavaburst🔥
|
|upkeep
|
|t:|1637627300
|switch|p1a: T H E S E E D !|Ferroseed, L5, M|82/100
|-damage|p1a: T H E S E E D !|78/100|[from] Stealth Rock
|turn|12
|
|t:|1637627321
|switch|p2a: Anorith|Anorith, L5, M|67/100
|-damage|p2a: Anorith|43/100|[from] Stealth Rock
|switch|p1a: Sweet Dreams|Munna, L5, M, shiny|30/100
|-damage|p1a: Sweet Dreams|17/100|[from] Stealth Rock
|
|-sideend|p1: Kevin Dickey12|Reflect
|upkeep
|turn|13
|
|t:|1637627338
|move|p2a: Anorith|Rapid Spin|p1a: Sweet Dreams
|-damage|p1a: Sweet Dreams|5/100
|-sideend|p2: Riastylis|Stealth Rock|[from] move: Rapid Spin|[of] p2a: Anorith
|move|p1a: Sweet Dreams|Reflect|p1a: Sweet Dreams
|-sidestart|p1: Kevin Dickey12|Reflect
|
|upkeep
|turn|14
|
|t:|1637627344
|move|p2a: Anorith|X-Scissor|p1a: Sweet Dreams
|-supereffective|p1a: Sweet Dreams
|-damage|p1a: Sweet Dreams|0 fnt
|faint|p1a: Sweet Dreams
|
|upkeep
|
|t:|1637627364
|switch|p1a: My Baby! 💚|Riolu, L5, M|100/100
|-damage|p1a: My Baby! 💚|95/100|[from] Stealth Rock
|turn|15
|
|t:|1637627375
|move|p1a: My Baby! 💚|Swords Dance|p1a: My Baby! 💚
|-boost|p1a: My Baby! 💚|atk|2
|move|p2a: Anorith|Knock Off|p1a: My Baby! 💚
|-resisted|p1a: My Baby! 💚
|-damage|p1a: My Baby! 💚|95/100
|-enditem|p1a: My Baby! 💚|Eviolite|[from] move: Knock Off|[of] p2a: Anorith
|
|upkeep
|turn|16
|
|t:|1637627387
|move|p1a: My Baby! 💚|Swords Dance|p1a: My Baby! 💚
|-boost|p1a: My Baby! 💚|atk|2
|move|p2a: Anorith|X-Scissor|p1a: My Baby! 💚
|-resisted|p1a: My Baby! 💚
|-damage|p1a: My Baby! 💚|75/100
|
|upkeep
|turn|17
|
|t:|1637627400
|move|p1a: My Baby! 💚|Bullet Punch|p2a: Anorith
|-supereffective|p2a: Anorith
|-damage|p2a: Anorith|0 fnt
|faint|p2a: Anorith
|
|upkeep
|
|t:|1637627405
|switch|p2a: Abra|Abra, L5, F|100/100
|turn|18
|
|t:|1637627410
|move|p1a: My Baby! 💚|Quick Attack|p2a: Abra
|-enditem|p2a: Abra|Focus Sash
|-damage|p2a: Abra|6/100
|move|p2a: Abra|Psychic|p1a: My Baby! 💚
|-supereffective|p1a: My Baby! 💚
|-damage|p1a: My Baby! 💚|0 fnt
|faint|p1a: My Baby! 💚
|
|upkeep
|
|t:|1637627425
|switch|p1a: Hot Ride 🔥|Drifloon, L5, M, shiny|100/100
|-damage|p1a: Hot Ride 🔥|76/100|[from] Stealth Rock
|turn|19
|
|t:|1637627437
|move|p2a: Abra|Shadow Ball|p1a: Hot Ride 🔥
|-supereffective|p1a: Hot Ride 🔥
|-damage|p1a: Hot Ride 🔥|0 fnt
|faint|p1a: Hot Ride 🔥
|
|upkeep
|
|t:|1637627447
|switch|p1a: T H E S E E D !|Ferroseed, L5, M|78/100
|-damage|p1a: T H E S E E D !|73/100|[from] Stealth Rock
|turn|20
|
|t:|1637627456
|move|p2a: Abra|Hidden Power|p1a: T H E S E E D !
|-supereffective|p1a: T H E S E E D !
|-damage|p1a: T H E S E E D !|19/100
|move|p1a: T H E S E E D !|Giga Drain|p2a: Abra
|-damage|p2a: Abra|0 fnt
|-heal|p1a: T H E S E E D !|23/100|[from] drain|[of] p2a: Abra
|faint|p2a: Abra
|
|-sideend|p1: Kevin Dickey12|Reflect
|upkeep
|
|t:|1637627480
|switch|p2a: Deino|Deino, L5, F|78/100 tox
|turn|21
|
|t:|1637627489
|move|p2a: Deino|Superpower|p1a: T H E S E E D !|[miss]
|-miss|p2a: Deino|p1a: T H E S E E D !
|move|p1a: T H E S E E D !|Leech Seed|p2a: Deino|[miss]
|-miss|p1a: T H E S E E D !|p2a: Deino
|
|-damage|p2a: Deino|73/100 tox|[from] psn
|upkeep
|turn|22
|
|t:|1637627497
|move|p2a: Deino|Superpower|p1a: T H E S E E D !
|-supereffective|p1a: T H E S E E D !
|-damage|p1a: T H E S E E D !|0 fnt
|-unboost|p2a: Deino|atk|1
|-unboost|p2a: Deino|def|1
|-damage|p2a: Deino|64/100 tox|[from] ability: Iron Barbs|[of] p1a: T H E S E E D !
|faint|p1a: T H E S E E D !
|
|-damage|p2a: Deino|55/100 tox|[from] psn
|upkeep
|
|t:|1637627508
|switch|p1a: TurtlePower🐢|Tirtouga, L5, M, shiny|100/100
|-damage|p1a: TurtlePower🐢|91/100|[from] Stealth Rock
|turn|23
|
|t:|1637627514
|move|p2a: Deino|Superpower|p1a: TurtlePower🐢
|-supereffective|p1a: TurtlePower🐢
|-damage|p1a: TurtlePower🐢|5/100
|-unboost|p2a: Deino|atk|1
|-unboost|p2a: Deino|def|1
|-enditem|p1a: TurtlePower🐢|Oran Berry|[eat]
|-heal|p1a: TurtlePower🐢|53/100|[from] item: Oran Berry
|move|p1a: TurtlePower🐢|Shell Smash|p1a: TurtlePower🐢
|-unboost|p1a: TurtlePower🐢|def|1
|-unboost|p1a: TurtlePower🐢|spd|1
|-boost|p1a: TurtlePower🐢|atk|2
|-boost|p1a: TurtlePower🐢|spa|2
|-boost|p1a: TurtlePower🐢|spe|2
|
|-damage|p2a: Deino|41/100 tox|[from] psn
|upkeep
|turn|24
|
|t:|1637627535
|move|p1a: TurtlePower🐢|Earthquake|p2a: Deino
|-damage|p2a: Deino|0 fnt
|faint|p2a: Deino
|
|upkeep
|
|t:|1637627544
|switch|p2a: Chinchou|Chinchou, L5, F|40/100
|turn|25
|
|t:|1637627547
|move|p1a: TurtlePower🐢|Earthquake|p2a: Chinchou
|-supereffective|p2a: Chinchou
|-damage|p2a: Chinchou|0 fnt
|faint|p2a: Chinchou
|
|upkeep
|
|t:|1637627552
|switch|p2a: Munchlax|Munchlax, L5, M|100/100
|turn|26
|
|t:|1637627561
|move|p1a: TurtlePower🐢|Waterfall|p2a: Munchlax
|-damage|p2a: Munchlax|27/100
|move|p2a: Munchlax|Earthquake|p1a: TurtlePower🐢
|-supereffective|p1a: TurtlePower🐢
|-crit|p1a: TurtlePower🐢
|-damage|p1a: TurtlePower🐢|0 fnt
|faint|p1a: TurtlePower🐢
|
|win|Riastylis
|l|☆Kevin Dickey12
