|j|☆wild drud
|j|☆Togkey
|t:|1633767655
|gametype|singles
|player|p1|wild drud|richboy-gen4|
|player|p2|Togkey|170|
|teamsize|p1|6
|teamsize|p2|6
|gen|5
|tier|[Gen 5] NU
|rule|Species Clause: Limit one of each Pokémon
|rule|OHKO Clause: OHKO moves are banned
|rule|Moody Clause: Moody is banned
|rule|Evasion Moves Clause: Evasion moves are banned
|rule|Endless Battle Clause: Forcing endless battles is banned
|rule|HP Percentage Mod: HP is shown in percentages
|rule|Evasion Abilities Clause: Evasion abilities are banned
|rule|Baton Pass Clause: Limit one Baton Passer, can't pass Spe and other stats simultaneously
|rule|Swagger Clause: Swagger is banned
|rule|Sleep Clause Mod: Limit one foe put to sleep
|clearpoke
|poke|p1|Garbodor, F|item
|poke|p1|Primeape, F|item
|poke|p1|Serperior, M|item
|poke|p1|Piloswine, M|item
|poke|p1|Skuntank, M|item
|poke|p1|Rotom-Fan|item
|poke|p2|Samurott, M|item
|poke|p2|Garbodor, M|item
|poke|p2|Charizard, F|item
|poke|p2|Piloswine, M|item
|poke|p2|Miltank, F|item
|poke|p2|Haunter, M|item
|teampreview
|c|☆wild drud|hf
|c|☆Togkey|u2
|
|t:|1633767672
|start
|switch|p1a: Piloswine|Piloswine, M|100/100
|switch|p2a: Garbodor|Garbodor, M|100/100
|turn|1
|
|t:|1633767675
|move|p2a: Garbodor|Spikes|p1a: Piloswine
|-sidestart|p1: wild drud|Spikes
|move|p1a: Piloswine|Stealth Rock|p2a: Garbodor
|-sidestart|p2: Togkey|move: Stealth Rock
|
|upkeep
|turn|2
|
|t:|1633767681
|switch|p2a: Charizard|Charizard, F|100/100
|-damage|p2a: Charizard|51/100|[from] Stealth Rock
|move|p1a: Piloswine|Earthquake|p2a: Charizard
|-immune|p2a: Charizard
|
|-heal|p2a: Charizard|57/100|[from] item: Leftovers
|upkeep
|turn|3
|
|t:|1633767687
|move|p2a: Charizard|Roost|p2a: Charizard
|-heal|p2a: Charizard|100/100
|-singleturn|p2a: Charizard|move: Roost
|move|p1a: Piloswine|Roar|p2a: Charizard
|drag|p2a: Samurott|Samurott, M|100/100
|-damage|p2a: Samurott|88/100|[from] Stealth Rock
|
|upkeep
|turn|4
|
|t:|1633767694
|switch|p1a: Serperior|Serperior, M|100/100
|-damage|p1a: Serperior|88/100|[from] Spikes
|move|p2a: Samurott|Hydro Pump|p1a: Serperior
|-resisted|p1a: Serperior
|-damage|p1a: Serperior|31/100
|
|upkeep
|turn|5
|
|t:|1633767700
|switch|p2a: Garbodor|Garbodor, M|100/100
|-damage|p2a: Garbodor|88/100|[from] Stealth Rock
|move|p1a: Serperior|Giga Drain|p2a: Garbodor
|-resisted|p2a: Garbodor
|-damage|p2a: Garbodor|57/100
|-heal|p1a: Serperior|50/100|[from] drain|[of] p2a: Garbodor
|-damage|p1a: Serperior|41/100|[from] item: Life Orb
|
|-heal|p2a: Garbodor|63/100|[from] item: Black Sludge
|upkeep
|turn|6
|
|t:|1633767703
|switch|p1a: Rotom|Rotom-Fan|100/100
|move|p2a: Garbodor|Spikes|p1a: Rotom
|-sidestart|p1: wild drud|Spikes
|
|-heal|p2a: Garbodor|69/100|[from] item: Black Sludge
|upkeep
|turn|7
|
|t:|1633767705
|move|p2a: Garbodor|Protect|p2a: Garbodor
|-singleturn|p2a: Garbodor|Protect
|move|p1a: Rotom|Air Slash|p2a: Garbodor
|-activate|p2a: Garbodor|move: Protect
|
|-heal|p2a: Garbodor|75/100|[from] item: Black Sludge
|upkeep
|turn|8
|
|t:|1633767722
|move|p1a: Rotom|Air Slash|p2a: Garbodor
|-damage|p2a: Garbodor|35/100
|cant|p2a: Garbodor|flinch
|
|-heal|p2a: Garbodor|41/100|[from] item: Black Sludge
|upkeep
|turn|9
|
|t:|1633767726
|move|p2a: Garbodor|Protect|p2a: Garbodor
|-singleturn|p2a: Garbodor|Protect
|move|p1a: Rotom|Air Slash|p2a: Garbodor
|-activate|p2a: Garbodor|move: Protect
|
|-heal|p2a: Garbodor|47/100|[from] item: Black Sludge
|upkeep
|turn|10
|
|t:|1633767727
|move|p1a: Rotom|Air Slash|p2a: Garbodor
|-damage|p2a: Garbodor|12/100
|move|p2a: Garbodor|Gunk Shot|p1a: Rotom
|-damage|p1a: Rotom|52/100
|
|-heal|p2a: Garbodor|18/100|[from] item: Black Sludge
|upkeep
|turn|11
|
|t:|1633767731
|move|p2a: Garbodor|Protect|p2a: Garbodor
|-singleturn|p2a: Garbodor|Protect
|move|p1a: Rotom|Air Slash|p2a: Garbodor
|-activate|p2a: Garbodor|move: Protect
|
|-heal|p2a: Garbodor|24/100|[from] item: Black Sludge
|upkeep
|turn|12
|
|t:|1633767735
|switch|p2a: Miltank|Miltank, F|100/100
|-damage|p2a: Miltank|88/100|[from] Stealth Rock
|move|p1a: Rotom|Air Slash|p2a: Miltank
|-damage|p2a: Miltank|61/100
|
|-heal|p2a: Miltank|68/100|[from] item: Leftovers
|upkeep
|turn|13
|
|t:|1633767737
|move|p1a: Rotom|Volt Switch|p2a: Miltank
|-damage|p2a: Miltank|44/100
|
|t:|1633767739
|switch|p1a: Primeape|Primeape, F|100/100|[from]move: Volt Switch
|-damage|p1a: Primeape|84/100|[from] Spikes
|move|p2a: Miltank|Milk Drink|p2a: Miltank
|-heal|p2a: Miltank|94/100
|
|-heal|p2a: Miltank|99/100|[from] item: Leftovers
|upkeep
|turn|14
|
|t:|1633767745
|switch|p2a: Garbodor|Garbodor, M|24/100
|-damage|p2a: Garbodor|11/100|[from] Stealth Rock
|move|p1a: Primeape|Punishment|p2a: Garbodor
|-damage|p2a: Garbodor|0 fnt
|-damage|p1a: Primeape|59/100|[from] ability: Aftermath|[of] p2a: Garbodor
|faint|p2a: Garbodor
|
|upkeep
|
|t:|1633767749
|switch|p2a: Samurott|Samurott, M|88/100
|-damage|p2a: Samurott|76/100|[from] Stealth Rock
|turn|15
|
|t:|1633767756
|move|p1a: Primeape|Close Combat|p2a: Samurott
|-damage|p2a: Samurott|12/100
|-unboost|p1a: Primeape|def|1
|-unboost|p1a: Primeape|spd|1
|move|p2a: Samurott|Scald|p1a: Primeape
|-damage|p1a: Primeape|0 fnt
|faint|p1a: Primeape
|
|upkeep
|
|t:|1633767764
|switch|p1a: Serperior|Serperior, M|41/100
|-damage|p1a: Serperior|24/100|[from] Spikes
|turn|16
|
|t:|1633767766
|move|p1a: Serperior|Giga Drain|p2a: Samurott
|-supereffective|p2a: Samurott
|-damage|p2a: Samurott|0 fnt
|-heal|p1a: Serperior|31/100|[from] drain|[of] p2a: Samurott
|faint|p2a: Samurott
|-damage|p1a: Serperior|21/100|[from] item: Life Orb
|
|upkeep
|
|t:|1633767768
|switch|p2a: Piloswine|Piloswine, M|100/100
|-damage|p2a: Piloswine|88/100|[from] Stealth Rock
|turn|17
|
|t:|1633767777
|switch|p1a: Piloswine|Piloswine, M|100/100
|-damage|p1a: Piloswine|84/100|[from] Spikes
|move|p2a: Piloswine|Ice Shard|p1a: Piloswine
|-damage|p1a: Piloswine|79/100
|
|upkeep
|turn|18
|
|t:|1633767779
|move|p2a: Piloswine|Stealth Rock|p1a: Piloswine
|-sidestart|p1: wild drud|move: Stealth Rock
|move|p1a: Piloswine|Earthquake|p2a: Piloswine
|-damage|p2a: Piloswine|65/100
|
|upkeep
|turn|19
|
|t:|1633767782
|switch|p2a: Charizard|Charizard, F|100/100
|-damage|p2a: Charizard|51/100|[from] Stealth Rock
|move|p1a: Piloswine|Roar|p2a: Charizard
|drag|p2a: Miltank|Miltank, F|99/100
|-damage|p2a: Miltank|88/100|[from] Stealth Rock
|
|-heal|p2a: Miltank|94/100|[from] item: Leftovers
|upkeep
|turn|20
|
|t:|1633767785
|switch|p1a: Garbodor|Garbodor, F|100/100
|-damage|p1a: Garbodor|84/100|[from] Spikes
|-damage|p1a: Garbodor|72/100|[from] Stealth Rock
|move|p2a: Miltank|Toxic|p1a: Garbodor
|-immune|p1a: Garbodor
|
|-heal|p2a: Miltank|99/100|[from] item: Leftovers
|upkeep
|turn|21
|
|t:|1633767789
|switch|p2a: Charizard|Charizard, F|51/100
|-damage|p2a: Charizard|1/100|[from] Stealth Rock
|move|p1a: Garbodor|Spikes|p2a: Charizard
|-sidestart|p2: Togkey|Spikes
|
|-heal|p2a: Charizard|7/100|[from] item: Leftovers
|upkeep
|turn|22
|
|t:|1633767793
|move|p2a: Charizard|Fire Blast|p1a: Garbodor
|-damage|p1a: Garbodor|0 fnt
|faint|p1a: Garbodor
|
|-heal|p2a: Charizard|13/100|[from] item: Leftovers
|upkeep
|
|t:|1633767796
|switch|p1a: Piloswine|Piloswine, M|79/100
|-damage|p1a: Piloswine|62/100|[from] Spikes
|-damage|p1a: Piloswine|50/100|[from] Stealth Rock
|turn|23
|
|t:|1633767799
|switch|p2a: Miltank|Miltank, F|99/100
|-damage|p2a: Miltank|87/100|[from] Stealth Rock
|-damage|p2a: Miltank|75/100|[from] Spikes
|move|p1a: Piloswine|Ice Shard|p2a: Miltank
|-damage|p2a: Miltank|69/100
|
|-heal|p2a: Miltank|75/100|[from] item: Leftovers
|upkeep
|turn|24
|
|t:|1633767805
|move|p2a: Miltank|Body Slam|p1a: Piloswine
|-damage|p1a: Piloswine|38/100
|move|p1a: Piloswine|Roar|p2a: Miltank
|drag|p2a: Piloswine|Piloswine, M|65/100
|-damage|p2a: Piloswine|53/100|[from] Spikes
|-damage|p2a: Piloswine|40/100|[from] Stealth Rock
|
|upkeep
|turn|25
|
|t:|1633767817
|switch|p2a: Charizard|Charizard, F|13/100
|-damage|p2a: Charizard|0 fnt|[from] Stealth Rock
|faint|p2a: Charizard
|move|p1a: Piloswine|Roar|p2: Charizard|[notarget]
|-fail|p1a: Piloswine
|
|upkeep
|
|t:|1633767819
|switch|p2a: Haunter|Haunter, M|100/100
|-damage|p2a: Haunter|88/100|[from] Stealth Rock
|turn|26
|
|t:|1633767822
|switch|p1a: Serperior|Serperior, M|21/100
|-damage|p1a: Serperior|5/100|[from] Spikes
|-damage|p1a: Serperior|0 fnt|[from] Stealth Rock
|faint|p1a: Serperior
|move|p2a: Haunter|Shadow Ball|p1: Serperior|[notarget]
|-fail|p2a: Haunter
|
|upkeep
|
|t:|1633767823
|switch|p1a: Skuntank|Skuntank, M|100/100
|-damage|p1a: Skuntank|88/100|[from] Stealth Rock
|-damage|p1a: Skuntank|72/100|[from] Spikes
|turn|27
|
|t:|1633767826
|move|p2a: Haunter|Shadow Ball|p1a: Skuntank
|-resisted|p1a: Skuntank
|-damage|p1a: Skuntank|46/100
|move|p1a: Skuntank|Pursuit|p2a: Haunter
|-supereffective|p2a: Haunter
|-damage|p2a: Haunter|0 fnt
|faint|p2a: Haunter
|
|upkeep
|
|t:|1633767829
|switch|p2a: Miltank|Miltank, F|75/100
|-damage|p2a: Miltank|62/100|[from] Stealth Rock
|-damage|p2a: Miltank|50/100|[from] Spikes
|turn|28
|
|t:|1633767833
|move|p1a: Skuntank|Taunt|p2a: Miltank
|-start|p2a: Miltank|move: Taunt
|cant|p2a: Miltank|move: Taunt|Milk Drink
|
|-heal|p2a: Miltank|56/100|[from] item: Leftovers
|upkeep
|turn|29
|
|t:|1633767835
|move|p1a: Skuntank|Crunch|p2a: Miltank
|-damage|p2a: Miltank|25/100
|move|p2a: Miltank|Body Slam|p1a: Skuntank
|-damage|p1a: Skuntank|14/100
|
|-heal|p2a: Miltank|31/100|[from] item: Leftovers
|upkeep
|turn|30
|
|t:|1633767840
|move|p1a: Skuntank|Crunch|p2a: Miltank
|-damage|p2a: Miltank|0 fnt
|faint|p2a: Miltank
|
|upkeep
|
|t:|1633767842
|switch|p2a: Piloswine|Piloswine, M|40/100
|-damage|p2a: Piloswine|28/100|[from] Stealth Rock
|-damage|p2a: Piloswine|16/100|[from] Spikes
|turn|31
|
|t:|1633767843
|move|p1a: Skuntank|Sucker Punch|p2a: Piloswine
|-damage|p2a: Piloswine|0 fnt
|faint|p2a: Piloswine
|
|win|wild drud
|c|☆wild drud|gg
|c|☆Togkey|gg
|l|☆Togkey
|l|☆wild drud
|j|☆Togkey
|player|p2|Togkey|170
