|j|☆butt blasting
|j|☆GingerSquatch
|t:|1636686751
|gametype|singles
|player|p1|butt blasting|pokemonranger-gen4|
|player|p2|GingerSquatch|129|
|teamsize|p1|6
|teamsize|p2|6
|gen|5
|tier|[Gen 5] UU
|rated|Tournament battle
|rule|Species Clause: Limit one of each Pokémon
|rule|OHKO Clause: OHKO moves are banned
|rule|Moody Clause: Moody is banned
|rule|Evasion Moves Clause: Evasion moves are banned
|rule|Endless Battle Clause: Forcing endless battles is banned
|rule|HP Percentage Mod: HP is shown in percentages
|rule|Evasion Abilities Clause: Evasion abilities are banned
|rule|Swagger Clause: Swagger is banned
|rule|Sleep Clause Mod: Limit one foe put to sleep
|clearpoke
|poke|p1|Porygon-Z|item
|poke|p1|Druddigon, F|item
|poke|p1|Nidoqueen, F|item
|poke|p1|Zapdos|item
|poke|p1|Bronzong|item
|poke|p1|Flygon, M|item
|poke|p2|Mew|item
|poke|p2|Rhyperior, M|item
|poke|p2|Qwilfish, F|item
|poke|p2|Heracross, F|item
|poke|p2|Togekiss, M|item
|poke|p2|Umbreon, M|item
|teampreview
|inactive|Battle timer is ON: inactive players will automatically lose when time's up. (requested by GingerSquatch)
|c|☆GingerSquatch|gl
|c|☆butt blasting|gl
|
|t:|1636686780
|start
|switch|p1a: Porygon-Z|Porygon-Z|100/100
|switch|p2a: Mew|Mew|100/100
|turn|1
|
|t:|1636686786
|switch|p2a: Umbreon|Umbreon, M|100/100
|move|p1a: Porygon-Z|Nasty Plot|p1a: Porygon-Z
|-boost|p1a: Porygon-Z|spa|2
|
|upkeep
|turn|2
|
|t:|1636686791
|move|p1a: Porygon-Z|Tri Attack|p2a: Umbreon
|-damage|p2a: Umbreon|44/100
|move|p2a: Umbreon|Toxic|p1a: Porygon-Z
|-status|p1a: Porygon-Z|tox
|-enditem|p1a: Porygon-Z|Lum Berry|[eat]
|-curestatus|p1a: Porygon-Z|tox|[msg]
|
|-heal|p2a: Umbreon|50/100|[from] item: Leftovers
|upkeep
|turn|3
|
|t:|1636686798
|move|p1a: Porygon-Z|Nasty Plot|p1a: Porygon-Z
|-boost|p1a: Porygon-Z|spa|2
|move|p2a: Umbreon|Toxic|p1a: Porygon-Z
|-status|p1a: Porygon-Z|tox
|
|-heal|p2a: Umbreon|56/100|[from] item: Leftovers
|-damage|p1a: Porygon-Z|94/100 tox|[from] psn
|upkeep
|turn|4
|
|t:|1636686801
|move|p2a: Umbreon|Protect|p2a: Umbreon
|-singleturn|p2a: Umbreon|Protect
|move|p1a: Porygon-Z|Tri Attack|p2a: Umbreon
|-activate|p2a: Umbreon|move: Protect
|
|-heal|p2a: Umbreon|62/100|[from] item: Leftovers
|-damage|p1a: Porygon-Z|82/100 tox|[from] psn
|upkeep
|turn|5
|
|t:|1636686804
|switch|p2a: Rhyperior|Rhyperior, M|100/100
|move|p1a: Porygon-Z|Tri Attack|p2a: Rhyperior
|-resisted|p2a: Rhyperior
|-crit|p2a: Rhyperior
|-damage|p2a: Rhyperior|0 fnt
|faint|p2a: Rhyperior
|
|-damage|p1a: Porygon-Z|64/100 tox|[from] psn
|upkeep
|j| PMMDP
|j|+AM
|inactive|GingerSquatch has 120 seconds left.
|j| blackkaiser
|inactive|GingerSquatch has 90 seconds left.
|
|t:|1636686866
|switch|p2a: Mew|Mew|100/100
|turn|6
|
|t:|1636686870
|move|p2a: Mew|Psyshock|p1a: Porygon-Z
|-damage|p1a: Porygon-Z|24/100 tox
|move|p1a: Porygon-Z|Tri Attack|p2a: Mew
|-damage|p2a: Mew|0 fnt
|faint|p2a: Mew
|
|-damage|p1a: Porygon-Z|0 fnt|[from] psn
|faint|p1a: Porygon-Z
|upkeep
|
|t:|1636686885
|switch|p2a: Qwilfish|Qwilfish, F|100/100
|switch|p1a: Bronzong|Bronzong|100/100
|-ability|p2a: Qwilfish|Intimidate|boost
|-unboost|p1a: Bronzong|atk|1
|turn|7
|
|t:|1636686891
|switch|p2a: Umbreon|Umbreon, M|62/100
|switch|p1a: Nidoqueen|Nidoqueen, F|100/100
|
|-heal|p2a: Umbreon|69/100|[from] item: Leftovers
|upkeep
|turn|8
|
|t:|1636686894
|move|p1a: Nidoqueen|Earth Power|p2a: Umbreon
|-damage|p2a: Umbreon|35/100
|move|p2a: Umbreon|Wish|p2a: Umbreon
|
|-heal|p2a: Umbreon|41/100|[from] item: Leftovers
|upkeep
|turn|9
|
|t:|1636686898
|move|p1a: Nidoqueen|Stealth Rock|p2a: Umbreon
|-sidestart|p2: GingerSquatch|move: Stealth Rock
|move|p2a: Umbreon|Foul Play|p1a: Nidoqueen
|-damage|p1a: Nidoqueen|75/100
|
|-heal|p2a: Umbreon|91/100|[from] move: Wish|[wisher] Umbreon
|-heal|p2a: Umbreon|97/100|[from] item: Leftovers
|upkeep
|turn|10
|
|t:|1636686911
|switch|p1a: Bronzong|Bronzong|100/100
|move|p2a: Umbreon|Foul Play|p1a: Bronzong
|-crit|p1a: Bronzong
|-damage|p1a: Bronzong|45/100
|
|-heal|p2a: Umbreon|100/100|[from] item: Leftovers
|-heal|p1a: Bronzong|51/100|[from] item: Leftovers
|upkeep
|turn|11
|
|t:|1636686918
|move|p2a: Umbreon|Foul Play|p1a: Bronzong
|-damage|p1a: Bronzong|26/100
|move|p1a: Bronzong|Toxic|p2a: Umbreon
|-status|p2a: Umbreon|tox
|-activate|p2a: Umbreon|ability: Synchronize
|-immune|p1a: Bronzong
|
|-heal|p1a: Bronzong|32/100|[from] item: Leftovers
|-damage|p2a: Umbreon|94/100 tox|[from] psn
|upkeep
|turn|12
|
|t:|1636686923
|switch|p1a: Zapdos|Zapdos|100/100
|-ability|p1a: Zapdos|Pressure
|move|p2a: Umbreon|Foul Play|p1a: Zapdos
|-damage|p1a: Zapdos|78/100
|
|-heal|p1a: Zapdos|85/100|[from] item: Leftovers
|-heal|p2a: Umbreon|100/100 tox|[from] item: Leftovers
|-damage|p2a: Umbreon|88/100 tox|[from] psn
|upkeep
|turn|13
|
|t:|1636686933
|switch|p1a: Nidoqueen|Nidoqueen, F|75/100
|move|p2a: Umbreon|Toxic|p1a: Nidoqueen|[miss]
|-miss|p2a: Umbreon|p1a: Nidoqueen
|
|-heal|p2a: Umbreon|94/100 tox|[from] item: Leftovers
|-damage|p2a: Umbreon|76/100 tox|[from] psn
|upkeep
|turn|14
|l| blackkaiser
|
|t:|1636686940
|switch|p1a: Zapdos|Zapdos|85/100
|-ability|p1a: Zapdos|Pressure
|switch|p2a: Qwilfish|Qwilfish, F|100/100
|-damage|p2a: Qwilfish|88/100|[from] Stealth Rock
|-ability|p2a: Qwilfish|Intimidate|boost
|-unboost|p1a: Zapdos|atk|1
|
|-heal|p1a: Zapdos|91/100|[from] item: Leftovers
|-heal|p2a: Qwilfish|94/100|[from] item: Black Sludge
|upkeep
|turn|15
|
|t:|1636686945
|move|p1a: Zapdos|Thunderbolt|p2a: Qwilfish
|-supereffective|p2a: Qwilfish
|-damage|p2a: Qwilfish|0 fnt
|faint|p2a: Qwilfish
|
|-heal|p1a: Zapdos|97/100|[from] item: Leftovers
|upkeep
|
|t:|1636686947
|switch|p2a: Heracross|Heracross, F|100/100
|-damage|p2a: Heracross|88/100|[from] Stealth Rock
|turn|16
|
|t:|1636686954
|switch|p1a: Druddigon|Druddigon, F|100/100
|-ability|p1a: Druddigon|Mold Breaker
|move|p2a: Heracross|Stone Edge|p1a: Druddigon|[miss]
|-miss|p2a: Heracross|p1a: Druddigon
|
|-heal|p2a: Heracross|94/100|[from] item: Leftovers
|upkeep
|turn|17
|
|t:|1636686961
|move|p2a: Heracross|Megahorn|p1a: Druddigon
|-damage|p1a: Druddigon|51/100
|move|p1a: Druddigon|Dragon Claw|p2a: Heracross
|-damage|p2a: Heracross|35/100
|
|-heal|p2a: Heracross|41/100|[from] item: Leftovers
|-heal|p1a: Druddigon|57/100|[from] item: Leftovers
|upkeep
|turn|18
|
|t:|1636686968
|move|p2a: Heracross|Megahorn|p1a: Druddigon
|-damage|p1a: Druddigon|2/100
|move|p1a: Druddigon|Dragon Claw|p2a: Heracross
|-damage|p2a: Heracross|0 fnt
|faint|p2a: Heracross
|
|-heal|p1a: Druddigon|8/100|[from] item: Leftovers
|upkeep
|
|t:|1636686971
|switch|p2a: Umbreon|Umbreon, M|76/100 tox
|-damage|p2a: Umbreon|64/100 tox|[from] Stealth Rock
|turn|19
|
|t:|1636686974
|move|p2a: Umbreon|Foul Play|p1a: Druddigon
|-damage|p1a: Druddigon|0 fnt
|faint|p1a: Druddigon
|
|-heal|p2a: Umbreon|70/100 tox|[from] item: Leftovers
|-damage|p2a: Umbreon|64/100 tox|[from] psn
|upkeep
|-message|GingerSquatch forfeited.
|
|win|butt blasting
|n|☆butt blasting|buttblasting
|n|☆GingerSquatch|gingersquatch
|n| PMMDP|pmmdp
|n|+AM|am
