|j|☆Quinn010
|j|☆jahmille118
|t:|1641828473
|gametype|singles
|player|p1|Quinn010|mars|1100
|player|p2|jahmille118|170|1034
|teamsize|p1|6
|teamsize|p2|6
|gen|5
|tier|[Gen 5] NU
|rated|
|rule|Species Clause: Limit one of each Pokémon
|rule|OHKO Clause: OHKO moves are banned
|rule|Moody Clause: Moody is banned
|rule|Evasion Moves Clause: Evasion moves are banned
|rule|Endless Battle Clause: Forcing endless battles is banned
|rule|HP Percentage Mod: HP is shown in percentages
|rule|Evasion Abilities Clause: Evasion abilities are banned
|rule|Swagger Clause: Swagger is banned
|rule|Baton Pass Clause: Limit one Baton Passer, can't pass Spe and other stats simultaneously
|rule|Sleep Clause Mod: Limit one foe put to sleep
|clearpoke
|poke|p1|Golem, F|item
|poke|p1|Pikachu, F|item
|poke|p1|Dodrio, F|item
|poke|p1|Gorebyss, F|item
|poke|p1|Zangoose, F|item
|poke|p1|Leafeon, F|item
|poke|p2|Audino, M|item
|poke|p2|Musharna, F|item
|poke|p2|Rampardos, F|item
|poke|p2|Eelektross, M|item
|poke|p2|Banette, M|item
|poke|p2|Kingler, M|item
|teampreview
|inactive|Battle timer is ON: inactive players will automatically lose when time's up. (requested by jahmille118)
|
|t:|1641828545
|start
|switch|p1a: Golem|Golem, F|100/100
|switch|p2a: Musharna|Musharna, F|100/100
|turn|1
|
|t:|1641828564
|move|p1a: Golem|Stealth Rock|p2a: Musharna
|-sidestart|p2: jahmille118|move: Stealth Rock
|move|p2a: Musharna|Trick Room|p2a: Musharna
|-fieldstart|move: Trick Room|[of] p2a: Musharna
|
|upkeep
|turn|2
|
|t:|1641828589
|move|p2a: Musharna|Energy Ball|p1a: Golem
|-supereffective|p1a: Golem
|-ability|p1a: Golem|Sturdy
|-damage|p1a: Golem|1/100
|-damage|p2a: Musharna|91/100|[from] item: Life Orb
|move|p1a: Golem|Rock Blast|p2a: Musharna
|-damage|p2a: Musharna|81/100
|-damage|p2a: Musharna|69/100
|-hitcount|p2a: Musharna|2
|
|upkeep
|turn|3
|-enditem|p1a: Golem|Custap Berry|[eat]
|-activate|p1a: Golem|item: Custap Berry|[consumed]
|
|t:|1641828602
|move|p1a: Golem|Explosion|p2a: Musharna
|-damage|p2a: Musharna|1/100
|faint|p1a: Golem
|move|p2a: Musharna|Psychic|p1: Golem|[notarget]
|-fail|p2a: Musharna
|
|upkeep
|
|t:|1641828609
|switch|p1a: Zangoose|Zangoose, F|100/100
|turn|4
|
|t:|1641828613
|move|p1a: Zangoose|Quick Attack|p2a: Musharna
|-damage|p2a: Musharna|0 fnt
|faint|p2a: Musharna
|
|-status|p1a: Zangoose|tox|[from] item: Toxic Orb
|upkeep
|
|t:|1641828627
|switch|p2a: Banette|Banette, M|100/100
|-damage|p2a: Banette|88/100|[from] Stealth Rock
|turn|5
|
|t:|1641828645
|move|p2a: Banette|Gunk Shot|p1a: Zangoose
|-damage|p1a: Zangoose|6/100 tox
|-damage|p2a: Banette|78/100|[from] item: Life Orb
|move|p1a: Zangoose|Night Slash|p2a: Banette
|-supereffective|p2a: Banette
|-damage|p2a: Banette|0 fnt
|faint|p2a: Banette
|
|-damage|p1a: Zangoose|0 fnt|[from] psn
|faint|p1a: Zangoose
|-fieldend|move: Trick Room
|upkeep
|
|t:|1641828660
|switch|p1a: Leafeon|Leafeon, F, shiny|100/100
|switch|p2a: Audino|Audino, M|100/100
|-damage|p2a: Audino|88/100|[from] Stealth Rock
|turn|6
|
|t:|1641828670
|move|p1a: Leafeon|Substitute|p1a: Leafeon
|-start|p1a: Leafeon|Substitute
|-damage|p1a: Leafeon|76/100
|move|p2a: Audino|Trick Room|p2a: Audino
|-fieldstart|move: Trick Room|[of] p2a: Audino
|
|-heal|p2a: Audino|94/100|[from] item: Leftovers
|-heal|p1a: Leafeon|82/100|[from] item: Leftovers
|upkeep
|turn|7
|
|t:|1641828677
|move|p2a: Audino|Ice Beam|p1a: Leafeon
|-supereffective|p1a: Leafeon
|-end|p1a: Leafeon|Substitute
|move|p1a: Leafeon|Swords Dance|p1a: Leafeon
|-boost|p1a: Leafeon|atk|2
|
|-heal|p2a: Audino|100/100|[from] item: Leftovers
|-heal|p1a: Leafeon|88/100|[from] item: Leftovers
|upkeep
|turn|8
|
|t:|1641828686
|move|p2a: Audino|Ice Beam|p1a: Leafeon
|-supereffective|p1a: Leafeon
|-damage|p1a: Leafeon|28/100
|move|p1a: Leafeon|Leaf Blade|p2a: Audino
|-damage|p2a: Audino|35/100
|
|-heal|p2a: Audino|41/100|[from] item: Leftovers
|-heal|p1a: Leafeon|34/100|[from] item: Leftovers
|upkeep
|turn|9
|
|t:|1641828695
|move|p2a: Audino|Ice Beam|p1a: Leafeon
|-supereffective|p1a: Leafeon
|-damage|p1a: Leafeon|0 fnt
|faint|p1a: Leafeon
|
|-heal|p2a: Audino|48/100|[from] item: Leftovers
|upkeep
|
|t:|1641828700
|switch|p1a: Pikachu|Pikachu, F|100/100
|turn|10
|
|t:|1641828711
|switch|p2a: Eelektross|Eelektross, M|100/100
|-damage|p2a: Eelektross|88/100|[from] Stealth Rock
|move|p1a: Pikachu|Substitute|p1a: Pikachu
|-start|p1a: Pikachu|Substitute
|-damage|p1a: Pikachu|76/100
|
|-fieldend|move: Trick Room
|upkeep
|turn|11
|
|t:|1641828719
|-singleturn|p1a: Pikachu|move: Focus Punch
|move|p2a: Eelektross|Giga Drain|p1a: Pikachu
|-end|p1a: Pikachu|Substitute
|-heal|p2a: Eelektross|96/100|[from] drain|[of] p1a: Pikachu
|-damage|p2a: Eelektross|86/100|[from] item: Life Orb
|move|p1a: Pikachu|Focus Punch|p2a: Eelektross
|-damage|p2a: Eelektross|42/100
|
|upkeep
|turn|12
|
|t:|1641828728
|move|p1a: Pikachu|Grass Knot|p2a: Eelektross
|-damage|p2a: Eelektross|6/100
|move|p2a: Eelektross|Giga Drain|p1a: Pikachu
|-damage|p1a: Pikachu|0 fnt
|-heal|p2a: Eelektross|29/100|[from] drain|[of] p1a: Pikachu
|faint|p1a: Pikachu
|-damage|p2a: Eelektross|20/100|[from] item: Life Orb
|
|upkeep
|
|t:|1641828738
|switch|p1a: Dodrio|Dodrio, F|100/100
|turn|13
|
|t:|1641828742
|move|p1a: Dodrio|Return|p2a: Eelektross
|-damage|p2a: Eelektross|0 fnt
|faint|p2a: Eelektross
|
|upkeep
|
|t:|1641828746
|switch|p2a: Rampardos|Rampardos, F|100/100
|-damage|p2a: Rampardos|88/100|[from] Stealth Rock
|turn|14
|
|t:|1641828752
|move|p1a: Dodrio|Return|p2a: Rampardos
|-resisted|p2a: Rampardos
|-damage|p2a: Rampardos|56/100
|move|p2a: Rampardos|Rock Slide|p1a: Dodrio
|-supereffective|p1a: Dodrio
|-damage|p1a: Dodrio|0 fnt
|faint|p1a: Dodrio
|
|upkeep
|
|t:|1641828755
|switch|p1a: Gorebyss|Gorebyss, F|100/100
|turn|15
|
|t:|1641828762
|switch|p2a: Audino|Audino, M|81/100
|-damage|p2a: Audino|69/100|[from] Stealth Rock
|move|p1a: Gorebyss|Surf|p2a: Audino
|-damage|p2a: Audino|12/100
|-damage|p1a: Gorebyss|90/100|[from] item: Life Orb
|
|-heal|p2a: Audino|18/100|[from] item: Leftovers
|upkeep
|turn|16
|
|t:|1641828772
|move|p1a: Gorebyss|Surf|p2a: Audino
|-damage|p2a: Audino|0 fnt
|faint|p2a: Audino
|-damage|p1a: Gorebyss|80/100|[from] item: Life Orb
|
|upkeep
|
|t:|1641828777
|switch|p2a: Kingler|Kingler, M|100/100
|-damage|p2a: Kingler|88/100|[from] Stealth Rock
|turn|17
|
|t:|1641828791
|move|p1a: Gorebyss|Hidden Power|p2a: Kingler
|-supereffective|p2a: Kingler
|-damage|p2a: Kingler|0 fnt
|faint|p2a: Kingler
|-damage|p1a: Gorebyss|70/100|[from] item: Life Orb
|
|upkeep
|
|t:|1641828796
|switch|p2a: Rampardos|Rampardos, F|56/100
|-damage|p2a: Rampardos|44/100|[from] Stealth Rock
|turn|18
|
|t:|1641828802
|move|p1a: Gorebyss|Surf|p2a: Rampardos
|-supereffective|p2a: Rampardos
|-damage|p2a: Rampardos|0 fnt
|faint|p2a: Rampardos
|-damage|p1a: Gorebyss|60/100|[from] item: Life Orb
|
|win|Quinn010
|raw|Quinn010's rating: 1100 &rarr; <strong>1120</strong><br />(+20 for winning)
|raw|jahmille118's rating: 1034 &rarr; <strong>1022</strong><br />(-12 for losing)
|l|☆Quinn010
