|j|☆gr1mey
|j|☆CoolafBanana
|t:|1639046769
|gametype|singles
|player|p1|gr1mey|benga|1000
|player|p2|CoolafBanana|1|1020
|teamsize|p1|6
|teamsize|p2|6
|gen|8
|tier|[Gen 8] National Dex
|rated|
|rule|HP Percentage Mod: HP is shown in percentages
|rule|Endless Battle Clause: Forcing endless battles is banned
|rule|OHKO Clause: OHKO moves are banned
|rule|Evasion Moves Clause: Evasion moves are banned
|rule|Species Clause: Limit one of each Pokémon
|rule|Dynamax Clause: You cannot dynamax
|rule|Sleep Clause Mod: Limit one foe put to sleep
|clearpoke
|poke|p1|Wishiwashi, M|
|poke|p1|Gumshoos, M|
|poke|p1|Slowking-Galar, F|
|poke|p1|Slaking, M|
|poke|p1|Cofagrigus, F|
|poke|p1|Gyarados, M|
|poke|p2|Garchomp, M|
|poke|p2|Venusaur, M|
|poke|p2|Steelix, M|
|poke|p2|Gyarados, M|
|poke|p2|Mamoswine, F|
|poke|p2|Flareon, M|
|teampreview
|
|t:|1639046782
|start
|switch|p1a: Cofagrigus|Cofagrigus, F, shiny|100/100
|switch|p2a: Garchomp|Garchomp, M|100/100
|turn|1
|
|t:|1639046789
|move|p2a: Garchomp|Dragon Claw|p1a: Cofagrigus
|-damage|p1a: Cofagrigus|65/100
|-activate|p1a: Cofagrigus|ability: Mummy|Rough Skin|[of] p2a: Garchomp
|-enditem|p1a: Cofagrigus|Eject Button
|
|t:|1639046796
|switch|p1a: Mighty Joe Young|Slaking, M|100/100
|
|upkeep
|turn|2
|
|t:|1639046806
|-activate|p2a: Garchomp|move: Pursuit
|move|p1a: Mighty Joe Young|Pursuit|p2a: Garchomp|[from]Pursuit
|-damage|p2a: Garchomp|62/100
|-activate|p2a: Garchomp|ability: Mummy|Truant|[of] p1a: Mighty Joe Young
|-damage|p1a: Mighty Joe Young|91/100|[from] item: Life Orb
|switch|p2a: Steelix|Steelix, M|100/100
|
|upkeep
|turn|3
|
|t:|1639046820
|move|p1a: Mighty Joe Young|Brick Break|p2a: Steelix
|-supereffective|p2a: Steelix
|-crit|p2a: Steelix
|-damage|p2a: Steelix|33/100
|-damage|p1a: Mighty Joe Young|81/100|[from] item: Life Orb
|move|p2a: Steelix|Earthquake|p1a: Mighty Joe Young
|-damage|p1a: Mighty Joe Young|46/100
|
|upkeep
|turn|4
|
|t:|1639046830
|move|p1a: Mighty Joe Young|Brick Break|p2a: Steelix
|-supereffective|p2a: Steelix
|-damage|p2a: Steelix|0 fnt
|faint|p2a: Steelix
|-damage|p1a: Mighty Joe Young|36/100|[from] item: Life Orb
|
|upkeep
|
|t:|1639046839
|switch|p2a: Stinky water|Mamoswine, F|100/100
|turn|5
|
|t:|1639046849
|move|p1a: Mighty Joe Young|Brick Break|p2a: Stinky water
|-supereffective|p2a: Stinky water
|-damage|p2a: Stinky water|10/100
|-damage|p1a: Mighty Joe Young|26/100|[from] item: Life Orb
|move|p2a: Stinky water|Earthquake|p1a: Mighty Joe Young
|-damage|p1a: Mighty Joe Young|0 fnt
|faint|p1a: Mighty Joe Young
|
|-heal|p2a: Stinky water|17/100|[from] item: Leftovers
|upkeep
|
|t:|1639046860
|switch|p1a: Cofagrigus|Cofagrigus, F, shiny|65/100
|turn|6
|
|t:|1639046864
|move|p2a: Stinky water|Icicle Crash|p1a: Cofagrigus
|-damage|p1a: Cofagrigus|29/100
|move|p1a: Cofagrigus|Will-O-Wisp|p2a: Stinky water
|-status|p2a: Stinky water|brn
|
|-heal|p2a: Stinky water|23/100 brn|[from] item: Leftovers
|-damage|p2a: Stinky water|17/100 brn|[from] brn
|upkeep
|turn|7
|
|t:|1639046877
|move|p2a: Stinky water|Icicle Crash|p1a: Cofagrigus|[miss]
|-miss|p2a: Stinky water|p1a: Cofagrigus
|move|p1a: Cofagrigus|Toxic Spikes|p2a: Stinky water
|-sidestart|p2: CoolafBanana|move: Toxic Spikes
|
|-heal|p2a: Stinky water|23/100 brn|[from] item: Leftovers
|-damage|p2a: Stinky water|17/100 brn|[from] brn
|upkeep
|turn|8
|
|t:|1639046887
|move|p2a: Stinky water|High Horsepower|p1a: Cofagrigus
|-damage|p1a: Cofagrigus|8/100
|-activate|p1a: Cofagrigus|ability: Mummy|Oblivious|[of] p2a: Stinky water
|move|p1a: Cofagrigus|Hex|p2a: Stinky water
|-damage|p2a: Stinky water|0 fnt
|faint|p2a: Stinky water
|
|upkeep
|
|t:|1639046902
|switch|p2a: Big Leaf|Venusaur, M|100/100
|-sideend|p2: CoolafBanana|move: Toxic Spikes|[of] p2a: Big Leaf
|turn|9
|
|t:|1639046908
|move|p2a: Big Leaf|Leech Seed|p1a: Cofagrigus
|-start|p1a: Cofagrigus|move: Leech Seed
|move|p1a: Cofagrigus|Will-O-Wisp|p2a: Big Leaf
|-status|p2a: Big Leaf|brn
|
|-damage|p1a: Cofagrigus|0 fnt|[from] Leech Seed|[of] p2a: Big Leaf
|faint|p1a: Cofagrigus
|-damage|p2a: Big Leaf|95/100 brn|[from] brn
|upkeep
|
|t:|1639046929
|switch|p1a: Twitter|Wishiwashi, M|100/100
|-formechange|p1a: Twitter|Wishiwashi-School||[from] ability: Schooling
|turn|10
|c|☆CoolafBanana|Joe Biden
|c|☆gr1mey|wake up
|
|t:|1639046945
|move|p2a: Big Leaf|Petal Dance|p1a: Twitter|[miss]
|-miss|p2a: Big Leaf|p1a: Twitter
|move|p1a: Twitter|Earthquake|p2a: Big Leaf
|-crit|p2a: Big Leaf
|-damage|p2a: Big Leaf|27/100 brn
|
|-heal|p2a: Big Leaf|33/100 brn|[from] item: Leftovers
|-damage|p2a: Big Leaf|27/100 brn|[from] brn
|upkeep
|turn|11
|
|t:|1639046957
|move|p2a: Big Leaf|Petal Dance|p1a: Twitter
|-supereffective|p1a: Twitter
|-damage|p1a: Twitter|8/100
|move|p1a: Twitter|Earthquake|p2a: Big Leaf
|-damage|p2a: Big Leaf|0 fnt
|faint|p2a: Big Leaf
|
|-formechange|p1a: Twitter|Wishiwashi||[from] ability: Schooling
|upkeep
|
|t:|1639046969
|switch|p2a: Garchomp|Garchomp, M|62/100
|turn|12
|
|t:|1639046977
|move|p2a: Garchomp|Dragon Claw|p1a: Twitter
|-damage|p1a: Twitter|0 fnt
|faint|p1a: Twitter
|
|upkeep
|
|t:|1639046989
|switch|p1a: Gyarados|Gyarados, M|100/100
|-ability|p1a: Gyarados|Intimidate|boost
|-unboost|p2a: Garchomp|atk|1
|turn|13
|
|t:|1639047001
|detailschange|p1a: Gyarados|Gyarados-Mega, M
|-mega|p1a: Gyarados|Gyarados|Gyaradosite
|-ability|p1a: Gyarados|Mold Breaker
|move|p2a: Garchomp|Earthquake|p1a: Gyarados
|-damage|p1a: Gyarados|73/100
|move|p1a: Gyarados|Dragon Dance|p1a: Gyarados
|-boost|p1a: Gyarados|atk|1
|-boost|p1a: Gyarados|spe|1
|
|upkeep
|turn|14
|
|t:|1639047012
|move|p1a: Gyarados|Aqua Tail|p2a: Garchomp
|-damage|p2a: Garchomp|0 fnt
|-damage|p1a: Gyarados|61/100|[from] ability: Rough Skin|[of] p2a: Garchomp
|faint|p2a: Garchomp
|
|upkeep
|
|t:|1639047022
|switch|p2a: Hot fox|Flareon, M|100/100
|turn|15
|
|t:|1639047037
|move|p1a: Gyarados|Earthquake|p2a: Hot fox
|-supereffective|p2a: Hot fox
|-damage|p2a: Hot fox|0 fnt
|faint|p2a: Hot fox
|
|upkeep
|
|t:|1639047043
|switch|p2a: Fish|Gyarados, M|100/100
|-ability|p2a: Fish|Intimidate|boost
|-unboost|p1a: Gyarados|atk|1
|turn|16
|
|t:|1639047052
|detailschange|p2a: Fish|Gyarados-Mega, M
|-mega|p2a: Fish|Gyarados|Gyaradosite
|-ability|p2a: Fish|Mold Breaker
|move|p1a: Gyarados|Crunch|p2a: Fish
|-resisted|p2a: Fish
|-damage|p2a: Fish|83/100
|-unboost|p2a: Fish|def|1
|move|p2a: Fish|Surf|p1a: Gyarados
|-resisted|p1a: Gyarados
|-damage|p1a: Gyarados|48/100
|
|upkeep
|turn|17
|
|t:|1639047068
|move|p1a: Gyarados|Earthquake|p2a: Fish
|-damage|p2a: Fish|46/100
|move|p2a: Fish|Hydro Pump|p1a: Gyarados
|-resisted|p1a: Gyarados
|-damage|p1a: Gyarados|34/100
|
|upkeep
|turn|18
|c|☆CoolafBanana|Earthquake me pls
|
|t:|1639047082
|move|p1a: Gyarados|Earthquake|p2a: Fish
|-damage|p2a: Fish|8/100
|move|p2a: Fish|Rest|p2a: Fish
|-status|p2a: Fish|slp|[from] move: Rest
|-heal|p2a: Fish|100/100 slp|[silent]
|
|upkeep
|turn|19
|
|t:|1639047091
|switch|p1a: Private Dick|Gumshoos, M, shiny|100/100
|cant|p2a: Fish|slp
|move|p2a: Fish|Sleep Talk|p2a: Fish
|move|p2a: Fish|Hydro Pump|p1a: Private Dick|[from]move: Sleep Talk
|-damage|p1a: Private Dick|41/100
|
|upkeep
|turn|20
|c|☆gr1mey|rest spa gyrados
|c|☆gr1mey|whuhhhh
|
|t:|1639047106
|cant|p2a: Fish|slp
|move|p2a: Fish|Sleep Talk|p2a: Fish
|move|p2a: Fish|Hydro Pump|p1a: Private Dick|[from]move: Sleep Talk
|-damage|p1a: Private Dick|0 fnt
|faint|p1a: Private Dick
|
|upkeep
|c|☆CoolafBanana|What
|
|t:|1639047112
|switch|p1a: Witchy Woman|Slowking-Galar, F|100/100
|turn|21
|c|☆gr1mey|never seen that set even vaguely
|
|t:|1639047128
|-curestatus|p2a: Fish|slp|[msg]
|move|p2a: Fish|Surf|p1a: Witchy Woman
|-damage|p1a: Witchy Woman|85/100
|move|p1a: Witchy Woman|Sludge Bomb|p2a: Fish
|-damage|p2a: Fish|72/100
|
|upkeep
|turn|22
|
|t:|1639047137
|move|p2a: Fish|Hydro Pump|p1a: Witchy Woman
|-damage|p1a: Witchy Woman|64/100
|move|p1a: Witchy Woman|Future Sight|p2a: Fish
|-start|p1a: Witchy Woman|move: Future Sight
|
|upkeep
|turn|23
|
|t:|1639047143
|move|p2a: Fish|Hydro Pump|p1a: Witchy Woman
|-damage|p1a: Witchy Woman|44/100
|move|p1a: Witchy Woman|Sludge Bomb|p2a: Fish
|-damage|p2a: Fish|44/100
|
|upkeep
|turn|24
|
|t:|1639047151
|move|p2a: Fish|Hydro Pump|p1a: Witchy Woman
|-damage|p1a: Witchy Woman|25/100
|move|p1a: Witchy Woman|Sludge Bomb|p2a: Fish
|-damage|p2a: Fish|18/100
|-status|p2a: Fish|psn
|
|-end|p2a: Fish|move: Future Sight
|-immune|p2a: Fish
|-damage|p2a: Fish|5/100 psn|[from] psn
|upkeep
|turn|25
|c|☆gr1mey|why did i future sight
|c|☆gr1mey|im an imbicile
|
|t:|1639047163
|move|p2a: Fish|Rest|p2a: Fish
|-status|p2a: Fish|slp|[from] move: Rest
|-heal|p2a: Fish|100/100 slp|[silent]
|move|p1a: Witchy Woman|Sludge Bomb|p2a: Fish
|-damage|p2a: Fish|73/100 slp
|
|upkeep
|turn|26
|
|t:|1639047171
|cant|p2a: Fish|slp
|move|p2a: Fish|Sleep Talk|p2a: Fish
|move|p2a: Fish|Rest||[from]move: Sleep Talk|[still]
|-fail|p2a: Fish
|move|p1a: Witchy Woman|Sludge Bomb|p2a: Fish
|-damage|p2a: Fish|42/100 slp
|
|upkeep
|turn|27
|
|t:|1639047180
|cant|p2a: Fish|slp
|move|p2a: Fish|Sleep Talk|p2a: Fish
|move|p2a: Fish|Surf|p1a: Witchy Woman|[from]move: Sleep Talk
|-damage|p1a: Witchy Woman|10/100
|move|p1a: Witchy Woman|Sludge Bomb|p2a: Fish
|-damage|p2a: Fish|12/100 slp
|
|upkeep
|turn|28
|
|t:|1639047190
|-curestatus|p2a: Fish|slp|[msg]
|move|p2a: Fish|Rest|p2a: Fish
|-status|p2a: Fish|slp|[from] move: Rest
|-heal|p2a: Fish|100/100 slp|[silent]
|move|p1a: Witchy Woman|Sludge Bomb|p2a: Fish
|-damage|p2a: Fish|73/100 slp
|
|upkeep
|turn|29
|
|t:|1639047201
|cant|p2a: Fish|slp
|move|p2a: Fish|Sleep Talk|p2a: Fish
|move|p2a: Fish|Hydro Pump|p1a: Witchy Woman|[from]move: Sleep Talk
|-crit|p1a: Witchy Woman
|-damage|p1a: Witchy Woman|0 fnt
|faint|p1a: Witchy Woman
|
|upkeep
|c|☆gr1mey|god i cant fucking kill this thing
|c|☆CoolafBanana|No you can
|c|☆gr1mey|fucking soloed assault vest slowking
|
|t:|1639047230
|switch|p1a: Gyarados|Gyarados-Mega, M|34/100
|-ability|p1a: Gyarados|Mold Breaker
|turn|30
|c|☆CoolafBanana|Immaa die here immediately
|c|☆gr1mey|to what even i have no coverage
|
|t:|1639047250
|move|p1a: Gyarados|Earthquake|p2a: Fish
|-damage|p2a: Fish|29/100 slp
|cant|p2a: Fish|slp
|move|p2a: Fish|Sleep Talk|p2a: Fish
|move|p2a: Fish|Rest||[from]move: Sleep Talk|[still]
|-fail|p2a: Fish
|
|upkeep
|turn|31
|
|t:|1639047259
|move|p1a: Gyarados|Earthquake|p2a: Fish
|-damage|p2a: Fish|0 fnt
|faint|p2a: Fish
|
|win|gr1mey
|raw|gr1mey's rating: 1000 &rarr; <strong>1042</strong><br />(+42 for winning)
|raw|CoolafBanana's rating: 1020 &rarr; <strong>1006</strong><br />(-14 for losing)
|c|☆gr1mey|gg
|c|☆CoolafBanana|See
|c|☆CoolafBanana|Ggs
|c|☆gr1mey|i guess
