|j|☆Ultramanball1
|j|☆ThundergamesPT2
|t:|1639049106
|gametype|singles
|player|p1|Ultramanball1|byron|1430
|player|p2|ThundergamesPT2|170|1478
|teamsize|p1|6
|teamsize|p2|6
|gen|8
|tier|[Gen 8] National Dex
|rated|
|rule|HP Percentage Mod: HP is shown in percentages
|rule|Endless Battle Clause: Forcing endless battles is banned
|rule|OHKO Clause: OHKO moves are banned
|rule|Evasion Moves Clause: Evasion moves are banned
|rule|Species Clause: Limit one of each Pokémon
|rule|Dynamax Clause: You cannot dynamax
|rule|Sleep Clause Mod: Limit one foe put to sleep
|clearpoke
|poke|p1|Charizard, F|
|poke|p1|Gliscor, M|
|poke|p1|Magnezone|
|poke|p1|Slowbro, M|
|poke|p1|Tapu Lele|
|poke|p1|Mandibuzz, F|
|poke|p2|Tyranitar, M|
|poke|p2|Charizard, F|
|poke|p2|Thundurus, M|
|poke|p2|Jirachi|
|poke|p2|Hitmontop, M|
|poke|p2|Comfey, F|
|teampreview
|inactive|Battle timer is ON: inactive players will automatically lose when time's up. (requested by ThundergamesPT2)
|inactive|Ultramanball1 also wants the timer to be on.
|c|☆ThundergamesPT2|Gl hf
|
|t:|1639049115
|start
|switch|p1a: Tapu Lele|Tapu Lele|100/100
|switch|p2a: Charizard|Charizard, F, shiny|100/100
|-fieldstart|move: Psychic Terrain|[from] ability: Psychic Surge|[of] p1a: Tapu Lele
|turn|1
|
|t:|1639049119
|detailschange|p2a: Charizard|Charizard-Mega-Y, F, shiny
|-mega|p2a: Charizard|Charizard|Charizardite Y
|-weather|SunnyDay|[from] ability: Drought|[of] p2a: Charizard
|move|p2a: Charizard|Flamethrower|p1a: Tapu Lele
|-damage|p1a: Tapu Lele|12/100
|move|p1a: Tapu Lele|Calm Mind|p1a: Tapu Lele
|-boost|p1a: Tapu Lele|spa|1
|-boost|p1a: Tapu Lele|spd|1
|
|-weather|SunnyDay|[upkeep]
|upkeep
|turn|2
|
|t:|1639049127
|switch|p1a: Charizard|Charizard, F|100/100
|move|p2a: Charizard|Flamethrower|p1a: Charizard
|-resisted|p1a: Charizard
|-damage|p1a: Charizard|51/100
|
|-weather|SunnyDay|[upkeep]
|upkeep
|turn|3
|
|t:|1639049131
|detailschange|p1a: Charizard|Charizard-Mega-X, F
|-mega|p1a: Charizard|Charizard|Charizardite X
|move|p2a: Charizard|Dragon Pulse|p1a: Charizard
|-supereffective|p1a: Charizard
|-damage|p1a: Charizard|0 fnt
|faint|p1a: Charizard
|
|-weather|SunnyDay|[upkeep]
|upkeep
|
|t:|1639049140
|switch|p1a: Magnezone|Magnezone|100/100
|turn|4
|
|t:|1639049143
|move|p2a: Charizard|Scorching Sands|p1a: Magnezone
|-supereffective|p1a: Magnezone
|-damage|p1a: Magnezone|0 fnt
|faint|p1a: Magnezone
|
|-weather|SunnyDay|[upkeep]
|upkeep
|
|t:|1639049148
|switch|p1a: Slowbro|Slowbro, M|100/100
|turn|5
|
|t:|1639049150
|move|p2a: Charizard|Solar Beam||[still]
|-prepare|p2a: Charizard|Solar Beam
|-anim|p2a: Charizard|Solar Beam|p1a: Slowbro
|-supereffective|p1a: Slowbro
|-crit|p1a: Slowbro
|-damage|p1a: Slowbro|0 fnt
|faint|p1a: Slowbro
|
|-weather|none
|-fieldend|move: Psychic Terrain
|upkeep
|c|☆Ultramanball1|Perfect Coverage
|c|☆ThundergamesPT2|Yeah...
|inactive|Ultramanball1 has 120 seconds left.
|c|☆Ultramanball1|Y is the best
|c|☆ThundergamesPT2|Thx
|
|t:|1639049185
|switch|p1a: Gliscor|Gliscor, M|100/100
|turn|6
|
|t:|1639049192
|switch|p2a: Thundurus|Thundurus, M, shiny|100/100
|move|p1a: Gliscor|Knock Off|p2a: Thundurus
|-damage|p2a: Thundurus|46/100
|-enditem|p2a: Thundurus|Life Orb|[from] move: Knock Off|[of] p1a: Gliscor
|
|-status|p1a: Gliscor|tox|[from] item: Toxic Orb
|upkeep
|turn|7
|
|t:|1639049199
|switch|p1a: Tapu Lele|Tapu Lele|12/100
|-fieldstart|move: Psychic Terrain|[from] ability: Psychic Surge|[of] p1a: Tapu Lele
|move|p2a: Thundurus|Hidden Power|p1a: Tapu Lele
|-damage|p1a: Tapu Lele|0 fnt
|faint|p1a: Tapu Lele
|
|upkeep
|
|t:|1639049203
|switch|p1a: Mandibuzz|Mandibuzz, F|100/100
|turn|8
|
|t:|1639049205
|move|p2a: Thundurus|Wild Charge|p1a: Mandibuzz
|-supereffective|p1a: Mandibuzz
|-damage|p1a: Mandibuzz|35/100
|-damage|p2a: Thundurus|23/100|[from] Recoil
|move|p1a: Mandibuzz|Foul Play|p2a: Thundurus
|-damage|p2a: Thundurus|0 fnt
|faint|p2a: Thundurus
|
|upkeep
|
|t:|1639049211
|switch|p2a: Charizard|Charizard-Mega-Y, F, shiny|100/100
|-weather|SunnyDay|[from] ability: Drought|[of] p2a: Charizard
|turn|9
|
|t:|1639049214
|move|p2a: Charizard|Flamethrower|p1a: Mandibuzz
|-damage|p1a: Mandibuzz|0 fnt
|faint|p1a: Mandibuzz
|
|-weather|SunnyDay|[upkeep]
|upkeep
|
|t:|1639049216
|switch|p1a: Gliscor|Gliscor, M|100/100 tox
|turn|10
|
|t:|1639049218
|move|p2a: Charizard|Flamethrower|p1a: Gliscor
|-damage|p1a: Gliscor|0 fnt
|faint|p1a: Gliscor
|
|win|ThundergamesPT2
|raw|Ultramanball1's rating: 1430 &rarr; <strong>1413</strong><br />(-17 for losing)
|raw|ThundergamesPT2's rating: 1478 &rarr; <strong>1495</strong><br />(+17 for winning)
|c|☆ThundergamesPT2|Gg
|c|☆Ultramanball1|Gg
|l|☆Ultramanball1
