|j|☆TBB8121
|j|☆uhealu
|t:|1639028591
|gametype|singles
|player|p1|TBB8121|lance|1562
|player|p2|uhealu|bellelba|1431
|teamsize|p1|6
|teamsize|p2|6
|gen|8
|tier|[Gen 8] National Dex
|rated|
|rule|HP Percentage Mod: HP is shown in percentages
|rule|Endless Battle Clause: Forcing endless battles is banned
|rule|OHKO Clause: OHKO moves are banned
|rule|Evasion Moves Clause: Evasion moves are banned
|rule|Species Clause: Limit one of each Pokémon
|rule|Dynamax Clause: You cannot dynamax
|rule|Sleep Clause Mod: Limit one foe put to sleep
|clearpoke
|poke|p1|Arcanine, M|
|poke|p1|Ampharos, F|
|poke|p1|Swampert, M|
|poke|p1|Zoroark, F|
|poke|p1|Florges, F|
|poke|p1|Rillaboom, M|
|poke|p2|Mawile, M|
|poke|p2|Hatterene, F|
|poke|p2|Tapu Fini|
|poke|p2|Slowbro, F|
|poke|p2|Zapdos-Galar|
|poke|p2|Crawdaunt, M|
|teampreview
|inactive|Battle timer is ON: inactive players will automatically lose when time's up. (requested by uhealu)
|
|t:|1639028607
|start
|switch|p1a: Swampert|Swampert, M|100/100
|switch|p2a: Slowbro|Slowbro, F|100/100
|turn|1
|
|t:|1639028615
|move|p1a: Swampert|Dark Pulse|p2a: Slowbro
|-supereffective|p2a: Slowbro
|-damage|p2a: Slowbro|6/100
|move|p2a: Slowbro|Yawn|p1a: Swampert
|-start|p1a: Swampert|move: Yawn|[of] p2a: Slowbro
|
|upkeep
|turn|2
|
|t:|1639028641
|switch|p1a: Swampert|Swampert, M|100/100
|move|p2a: Slowbro|Trick Room|p2a: Slowbro
|-fieldstart|move: Trick Room|[of] p2a: Slowbro
|
|upkeep
|turn|3
|
|t:|1639028649
|switch|p2a: Crawdaunt|Crawdaunt, M|100/100
|move|p1a: Swampert|Stealth Rock|p2a: Crawdaunt
|-sidestart|p2: uhealu|move: Stealth Rock
|
|upkeep
|turn|4
|
|t:|1639028663
|move|p2a: Crawdaunt|Knock Off|p1a: Swampert
|-damage|p1a: Swampert|54/100
|-enditem|p1a: Swampert|Leftovers|[from] move: Knock Off|[of] p2a: Crawdaunt
|move|p1a: Swampert|Flip Turn|p2a: Crawdaunt
|-resisted|p2a: Crawdaunt
|-damage|p2a: Crawdaunt|87/100
|
|t:|1639028673
|switch|p1a: Rillaboom|Rillaboom, M|100/100|[from]move: Flip Turn
|-fieldstart|move: Grassy Terrain|[from] ability: Grassy Surge|[of] p1a: Rillaboom
|
|-heal|p2a: Crawdaunt|93/100|[from] Grassy Terrain
|upkeep
|turn|5
|
|t:|1639028685
|switch|p2a: Zapdos|Zapdos-Galar|100/100
|-damage|p2a: Zapdos|88/100|[from] Stealth Rock
|switch|p1a: Ampharos|Ampharos, F|100/100
|
|upkeep
|turn|6
|
|t:|1639028699
|switch|p2a: Hatterene|Hatterene, F|100/100
|detailschange|p1a: Ampharos|Ampharos-Mega, F
|-mega|p1a: Ampharos|Ampharos|Ampharosite
|-ability|p1a: Ampharos|Mold Breaker
|move|p1a: Ampharos|Volt Switch|p2a: Hatterene
|-damage|p2a: Hatterene|58/100
|
|t:|1639028717
|switch|p1a: Swampert|Swampert, M|54/100|[from]move: Volt Switch
|
|-heal|p2a: Hatterene|64/100|[from] Grassy Terrain
|-heal|p1a: Swampert|60/100|[from] Grassy Terrain
|-fieldend|move: Trick Room
|upkeep
|turn|7
|
|t:|1639028726
|move|p1a: Swampert|Roar|p2a: Hatterene
|move|p2a: Hatterene|Roar|p1a: Swampert|[from]ability: Magic Bounce
|drag|p1a: Ampharos|Ampharos-Mega, F|100/100
|-ability|p1a: Ampharos|Mold Breaker
|move|p2a: Hatterene|Trick Room|p2a: Hatterene
|-fieldstart|move: Trick Room|[of] p2a: Hatterene
|
|-heal|p2a: Hatterene|70/100|[from] Grassy Terrain
|upkeep
|turn|8
|
|t:|1639028745
|switch|p1a: Florges|Florges, F|100/100
|move|p2a: Hatterene|Psychic|p1a: Florges
|-damage|p1a: Florges|74/100
|
|-heal|p2a: Hatterene|76/100|[from] Grassy Terrain
|-heal|p1a: Florges|80/100|[from] Grassy Terrain
|-heal|p1a: Florges|86/100|[from] item: Leftovers
|-fieldend|move: Grassy Terrain
|upkeep
|turn|9
|
|t:|1639028756
|move|p2a: Hatterene|Mystical Fire|p1a: Florges
|-damage|p1a: Florges|72/100
|-unboost|p1a: Florges|spa|1
|move|p1a: Florges|Wish|p1a: Florges
|
|-heal|p1a: Florges|78/100|[from] item: Leftovers
|upkeep
|turn|10
|
|t:|1639028770
|switch|p2a: Mawile|Mawile, M|100/100
|-damage|p2a: Mawile|94/100|[from] Stealth Rock
|switch|p1a: Swampert|Swampert, M|60/100
|
|-heal|p1a: Swampert|100/100|[from] move: Wish|[wisher] Florges
|upkeep
|turn|11
|inactive|TBB8121 has 120 seconds left.
|
|t:|1639028789
|detailschange|p2a: Mawile|Mawile-Mega, M
|-mega|p2a: Mawile|Mawile|Mawilite
|move|p2a: Mawile|Play Rough|p1a: Swampert
|-damage|p1a: Swampert|39/100
|move|p1a: Swampert|Flip Turn|p2a: Mawile
|-damage|p2a: Mawile|75/100
|inactive|TBB8121 has 120 seconds left.
|
|t:|1639028800
|switch|p1a: Arcanine|Arcanine, M|100/100|[from]move: Flip Turn
|-ability|p1a: Arcanine|Intimidate|boost
|-unboost|p2a: Mawile|atk|1
|
|-fieldend|move: Trick Room
|upkeep
|turn|12
|inactive|TBB8121 has 120 seconds left.
|
|t:|1639028808
|switch|p2a: Slowbro|Slowbro, F|39/100
|move|p1a: Arcanine|Flare Blitz|p2a: Slowbro
|-resisted|p2a: Slowbro
|-damage|p2a: Slowbro|6/100
|-damage|p1a: Arcanine|90/100|[from] Recoil
|
|upkeep
|turn|13
|
|t:|1639028819
|switch|p2a: Crawdaunt|Crawdaunt, M|93/100
|-damage|p2a: Crawdaunt|80/100|[from] Stealth Rock
|move|p1a: Arcanine|Flare Blitz|p2a: Crawdaunt
|-resisted|p2a: Crawdaunt
|-damage|p2a: Crawdaunt|28/100
|-damage|p1a: Arcanine|75/100|[from] Recoil
|
|upkeep
|turn|14
|
|t:|1639028831
|switch|p1a: Rillaboom|Rillaboom, M|100/100
|-fieldstart|move: Grassy Terrain|[from] ability: Grassy Surge|[of] p1a: Rillaboom
|move|p2a: Crawdaunt|Aqua Jet|p1a: Rillaboom
|-resisted|p1a: Rillaboom
|-crit|p1a: Rillaboom
|-damage|p1a: Rillaboom|76/100
|
|-heal|p1a: Rillaboom|83/100|[from] Grassy Terrain
|-heal|p2a: Crawdaunt|34/100|[from] Grassy Terrain
|upkeep
|turn|15
|
|t:|1639028845
|move|p1a: Rillaboom|Grassy Glide|p2a: Crawdaunt
|-supereffective|p2a: Crawdaunt
|-damage|p2a: Crawdaunt|0 fnt
|faint|p2a: Crawdaunt
|
|-heal|p1a: Rillaboom|89/100|[from] Grassy Terrain
|upkeep
|
|t:|1639028853
|switch|p2a: Zapdos|Zapdos-Galar|88/100
|-damage|p2a: Zapdos|76/100|[from] Stealth Rock
|turn|16
|
|t:|1639028866
|switch|p1a: Swampert|Swampert, M|39/100
|move|p2a: Zapdos|Brave Bird|p1a: Swampert
|-damage|p1a: Swampert|0 fnt
|faint|p1a: Swampert
|-damage|p2a: Zapdos|60/100|[from] Recoil
|
|upkeep
|
|t:|1639028873
|switch|p1a: Ampharos|Ampharos-Mega, F|100/100
|-ability|p1a: Ampharos|Mold Breaker
|turn|17
|
|t:|1639028878
|move|p2a: Zapdos|Brave Bird|p1a: Ampharos
|-resisted|p1a: Ampharos
|-damage|p1a: Ampharos|72/100
|-damage|p2a: Zapdos|48/100|[from] Recoil
|move|p1a: Ampharos|Volt Switch|p2a: Zapdos
|-supereffective|p2a: Zapdos
|-damage|p2a: Zapdos|0 fnt
|faint|p2a: Zapdos
|
|t:|1639028895
|switch|p1a: Rillaboom|Rillaboom, M|89/100|[from]move: Volt Switch
|
|-heal|p1a: Rillaboom|95/100|[from] Grassy Terrain
|upkeep
|
|t:|1639028902
|switch|p2a: Hatterene|Hatterene, F|76/100
|turn|18
|
|t:|1639028910
|move|p1a: Rillaboom|Grassy Glide|p2a: Hatterene
|-damage|p2a: Hatterene|32/100
|move|p2a: Hatterene|Trick Room|p2a: Hatterene
|-fieldstart|move: Trick Room|[of] p2a: Hatterene
|
|-heal|p2a: Hatterene|38/100|[from] Grassy Terrain
|-heal|p1a: Rillaboom|100/100|[from] Grassy Terrain
|-fieldend|move: Grassy Terrain
|upkeep
|turn|19
|
|t:|1639028921
|switch|p1a: Florges|Florges, F|78/100
|move|p2a: Hatterene|Healing Wish|p2a: Hatterene
|faint|p2a: Hatterene
|
|-heal|p1a: Florges|84/100|[from] item: Leftovers
|upkeep
|
|t:|1639028930
|switch|p2a: Mawile|Mawile-Mega, M|75/100
|-heal|p2a: Mawile|100/100|[from] move: Healing Wish
|-damage|p2a: Mawile|94/100|[from] Stealth Rock
|turn|20
|inactive|TBB8121 has 120 seconds left.
|
|t:|1639028962
|switch|p1a: Arcanine|Arcanine, M|75/100
|-ability|p1a: Arcanine|Intimidate|boost
|-unboost|p2a: Mawile|atk|1
|move|p2a: Mawile|Iron Head|p1a: Arcanine
|-resisted|p1a: Arcanine
|-damage|p1a: Arcanine|47/100
|
|upkeep
|turn|21
|inactive|TBB8121 has 120 seconds left.
|
|t:|1639028988
|switch|p1a: Ampharos|Ampharos-Mega, F|72/100
|-ability|p1a: Ampharos|Mold Breaker
|move|p2a: Mawile|Play Rough|p1a: Ampharos
|-supereffective|p1a: Ampharos
|-damage|p1a: Ampharos|0 fnt
|faint|p1a: Ampharos
|
|upkeep
|
|t:|1639029002
|switch|p1a: Arcanine|Arcanine, M|47/100
|-ability|p1a: Arcanine|Intimidate|boost
|-unboost|p2a: Mawile|atk|1
|turn|22
|
|t:|1639029020
|switch|p2a: Tapu Fini|Tapu Fini|100/100
|-damage|p2a: Tapu Fini|88/100|[from] Stealth Rock
|-fieldstart|move: Misty Terrain|[from] ability: Misty Surge|[of] p2a: Tapu Fini
|switch|p1a: Rillaboom|Rillaboom, M|100/100
|-fieldstart|move: Grassy Terrain|[from] ability: Grassy Surge|[of] p1a: Rillaboom
|
|-heal|p2a: Tapu Fini|94/100|[from] Grassy Terrain
|-heal|p2a: Tapu Fini|99/100|[from] item: Leftovers
|-fieldend|move: Trick Room
|upkeep
|turn|23
|
|t:|1639029036
|move|p1a: Rillaboom|Swords Dance|p1a: Rillaboom
|-boost|p1a: Rillaboom|atk|2
|move|p2a: Tapu Fini|Nature's Madness|p1a: Rillaboom
|-damage|p1a: Rillaboom|51/100
|
|-heal|p1a: Rillaboom|57/100|[from] Grassy Terrain
|-heal|p2a: Tapu Fini|100/100|[from] Grassy Terrain
|upkeep
|turn|24
|
|t:|1639029047
|move|p1a: Rillaboom|Grassy Glide|p2a: Tapu Fini
|-supereffective|p2a: Tapu Fini
|-damage|p2a: Tapu Fini|0 fnt
|faint|p2a: Tapu Fini
|
|-heal|p1a: Rillaboom|63/100|[from] Grassy Terrain
|upkeep
|
|t:|1639029049
|switch|p2a: Slowbro|Slowbro, F|40/100
|turn|25
|
|t:|1639029055
|move|p1a: Rillaboom|Grassy Glide|p2a: Slowbro
|-supereffective|p2a: Slowbro
|-damage|p2a: Slowbro|0 fnt
|faint|p2a: Slowbro
|
|-heal|p1a: Rillaboom|69/100|[from] Grassy Terrain
|upkeep
|
|t:|1639029063
|switch|p2a: Mawile|Mawile-Mega, M|94/100
|-damage|p2a: Mawile|88/100|[from] Stealth Rock
|turn|26
|
|t:|1639029068
|-zpower|p1a: Rillaboom
|move|p1a: Rillaboom|Tectonic Rage|p2a: Mawile|[zeffect]
|-supereffective|p2a: Mawile
|-damage|p2a: Mawile|0 fnt
|faint|p2a: Mawile
|
|win|TBB8121
|raw|TBB8121's rating: 1562 &rarr; <strong>1575</strong><br />(+13 for winning)
|raw|uhealu's rating: 1431 &rarr; <strong>1418</strong><br />(-13 for losing)
|l|☆uhealu
