|j|☆TheNmxn
|j|☆I<3PickMe
|t:|1639051654
|gametype|singles
|player|p1|TheNmxn|265|1003
|player|p2|I<3PickMe|drayden|1122
|teamsize|p1|6
|teamsize|p2|6
|gen|8
|tier|[Gen 8] National Dex
|rated|
|rule|HP Percentage Mod: HP is shown in percentages
|rule|Endless Battle Clause: Forcing endless battles is banned
|rule|OHKO Clause: OHKO moves are banned
|rule|Evasion Moves Clause: Evasion moves are banned
|rule|Species Clause: Limit one of each Pokémon
|rule|Dynamax Clause: You cannot dynamax
|rule|Sleep Clause Mod: Limit one foe put to sleep
|clearpoke
|poke|p1|Chansey, F|
|poke|p1|Volcarona, M|
|poke|p1|Swellow, M|
|poke|p1|Metagross|
|poke|p1|Ferrothorn, M|
|poke|p1|Omastar, F|
|poke|p2|Ferrothorn, F|
|poke|p2|Volcarona, F|
|poke|p2|Diancie|
|poke|p2|Latios, M|
|poke|p2|Manaphy|
|poke|p2|Blissey, F|
|teampreview
|
|t:|1639051667
|start
|switch|p1a: Swellow|Swellow, M|100/100
|switch|p2a: I Scream|Diancie|100/100
|turn|1
|
|t:|1639051674
|switch|p1a: Metagross|Metagross|100/100
|detailschange|p2a: I Scream|Diancie-Mega
|-mega|p2a: I Scream|Diancie|Diancite
|move|p2a: I Scream|Diamond Storm|p1a: Metagross
|-resisted|p1a: Metagross
|-damage|p1a: Metagross|77/100
|-boost|p2a: I Scream|def|2
|
|-heal|p1a: Metagross|83/100|[from] item: Leftovers
|upkeep
|turn|2
|
|t:|1639051683
|move|p2a: I Scream|Protect|p2a: I Scream
|-singleturn|p2a: I Scream|Protect
|move|p1a: Metagross|Iron Head|p2a: I Scream
|-activate|p2a: I Scream|move: Protect
|
|-heal|p1a: Metagross|90/100|[from] item: Leftovers
|upkeep
|turn|3
|
|t:|1639051694
|switch|p2a: Carbage|Ferrothorn, F|100/100
|move|p1a: Metagross|Iron Head|p2a: Carbage
|-resisted|p2a: Carbage
|-damage|p2a: Carbage|87/100
|-damage|p1a: Metagross|77/100|[from] ability: Iron Barbs|[of] p2a: Carbage
|
|-heal|p1a: Metagross|83/100|[from] item: Leftovers
|-heal|p2a: Carbage|93/100|[from] item: Leftovers
|upkeep
|turn|4
|
|t:|1639051704
|move|p1a: Metagross|Iron Defense|p1a: Metagross
|-boost|p1a: Metagross|def|2
|move|p2a: Carbage|Leech Seed|p1a: Metagross
|-start|p1a: Metagross|move: Leech Seed
|
|-heal|p1a: Metagross|89/100|[from] item: Leftovers
|-heal|p2a: Carbage|99/100|[from] item: Leftovers
|-damage|p1a: Metagross|77/100|[from] Leech Seed|[of] p2a: Carbage
|-heal|p2a: Carbage|100/100|[silent]
|upkeep
|turn|5
|
|t:|1639051713
|move|p1a: Metagross|Iron Defense|p1a: Metagross
|-boost|p1a: Metagross|def|2
|move|p2a: Carbage|Stealth Rock|p1a: Metagross
|-sidestart|p1: TheNmxn|move: Stealth Rock
|
|-heal|p1a: Metagross|83/100|[from] item: Leftovers
|-damage|p1a: Metagross|71/100|[from] Leech Seed|[of] p2a: Carbage
|upkeep
|turn|6
|
|t:|1639051721
|move|p1a: Metagross|Iron Defense|p1a: Metagross
|-boost|p1a: Metagross|def|2
|move|p2a: Carbage|Gyro Ball|p1a: Metagross
|-resisted|p1a: Metagross
|-damage|p1a: Metagross|67/100
|
|-heal|p1a: Metagross|73/100|[from] item: Leftovers
|-damage|p1a: Metagross|61/100|[from] Leech Seed|[of] p2a: Carbage
|upkeep
|turn|7
|
|t:|1639051731
|move|p1a: Metagross|Body Press|p2a: Carbage
|-supereffective|p2a: Carbage
|-damage|p2a: Carbage|0 fnt
|-damage|p1a: Metagross|49/100|[from] ability: Iron Barbs|[of] p2a: Carbage
|faint|p2a: Carbage
|
|-heal|p1a: Metagross|55/100|[from] item: Leftovers
|upkeep
|
|t:|1639051739
|switch|p2a: A Dios|Latios, M|100/100
|turn|8
|
|t:|1639051751
|move|p2a: A Dios|Psyshock|p1a: Metagross
|-resisted|p1a: Metagross
|-damage|p1a: Metagross|53/100
|move|p1a: Metagross|Iron Head|p2a: A Dios
|-damage|p2a: A Dios|34/100
|
|-heal|p1a: Metagross|59/100|[from] item: Leftovers
|-damage|p1a: Metagross|46/100|[from] Leech Seed|[of] p2a: A Dios
|-heal|p2a: A Dios|49/100|[silent]
|upkeep
|turn|9
|
|t:|1639051761
|move|p2a: A Dios|Psyshock|p1a: Metagross
|-resisted|p1a: Metagross
|-damage|p1a: Metagross|44/100
|move|p1a: Metagross|Iron Head|p2a: A Dios
|-damage|p2a: A Dios|0 fnt
|faint|p2a: A Dios
|
|-heal|p1a: Metagross|50/100|[from] item: Leftovers
|upkeep
|
|t:|1639051770
|switch|p2a: Call me May Bee|Volcarona, F|100/100
|turn|10
|
|t:|1639051775
|move|p2a: Call me May Bee|Fire Blast|p1a: Metagross
|-supereffective|p1a: Metagross
|-damage|p1a: Metagross|0 fnt
|faint|p1a: Metagross
|
|upkeep
|
|t:|1639051780
|switch|p1a: Swellow|Swellow, M|100/100
|-damage|p1a: Swellow|76/100|[from] Stealth Rock
|turn|11
|
|t:|1639051786
|switch|p2a: I Scream|Diancie-Mega|100/100
|move|p1a: Swellow|Protect||[still]
|-fail|p1a: Swellow
|
|-status|p1a: Swellow|brn|[from] item: Flame Orb
|upkeep
|turn|12
|c|☆TheNmxn|!data diamond storm
|raw|<ul class="utilichart"><li class="result"><span class="col movenamecol"><a href="https://dex.pokemonshowdown.com/moves/diamondstorm">Diamond Storm</a></span> <span class="col typecol"><img src="//play.pokemonshowdown.com/sprites/types/Rock.png" alt="Rock" width="32" height="14"><img src="//play.pokemonshowdown.com/sprites/categories/Physical.png" alt="Physical" width="32" height="14"></span> <span class="col labelcol"><em>Power</em><br>100</span> <span class="col widelabelcol"><em>Accuracy</em><br>95%</span> <span class="col pplabelcol"><em>PP</em><br>8</span> <span class="col movedesccol">50% chance to raise user's Defense by 2.</span> </li><li style="clear:both"></li></ul>

|inactive|Battle timer is ON: inactive players will automatically lose when time's up. (requested by TheNmxn)
|
|t:|1639051825
|switch|p1a: Ferrothorn|Ferrothorn, M|100/100
|-damage|p1a: Ferrothorn|94/100|[from] Stealth Rock
|move|p2a: I Scream|Moonblast|p1a: Ferrothorn
|-resisted|p1a: Ferrothorn
|-damage|p1a: Ferrothorn|74/100
|
|-heal|p1a: Ferrothorn|80/100|[from] item: Leftovers
|upkeep
|turn|13
|
|t:|1639051836
|switch|p2a: Call me May Bee|Volcarona, F|100/100
|move|p1a: Ferrothorn|Ingrain|p1a: Ferrothorn
|-start|p1a: Ferrothorn|move: Ingrain
|
|-heal|p1a: Ferrothorn|86/100|[from] item: Leftovers
|-heal|p1a: Ferrothorn|92/100|[from] Ingrain
|upkeep
|turn|14
|
|t:|1639051860
|move|p2a: Call me May Bee|Quiver Dance|p2a: Call me May Bee
|-boost|p2a: Call me May Bee|spa|1
|-boost|p2a: Call me May Bee|spd|1
|-boost|p2a: Call me May Bee|spe|1
|move|p1a: Ferrothorn|Toxic|p2a: Call me May Bee
|-status|p2a: Call me May Bee|tox
|
|-heal|p1a: Ferrothorn|99/100|[from] item: Leftovers
|-heal|p1a: Ferrothorn|100/100|[from] Ingrain
|-damage|p2a: Call me May Bee|94/100 tox|[from] psn
|upkeep
|turn|15
|
|t:|1639051870
|move|p2a: Call me May Bee|Quiver Dance|p2a: Call me May Bee
|-boost|p2a: Call me May Bee|spa|1
|-boost|p2a: Call me May Bee|spd|1
|-boost|p2a: Call me May Bee|spe|1
|move|p1a: Ferrothorn|Leech Seed|p2a: Call me May Bee
|-start|p2a: Call me May Bee|move: Leech Seed
|
|-damage|p2a: Call me May Bee|82/100 tox|[from] Leech Seed|[of] p1a: Ferrothorn
|-damage|p2a: Call me May Bee|70/100 tox|[from] psn
|upkeep
|turn|16
|
|t:|1639051880
|move|p2a: Call me May Bee|Fire Blast|p1a: Ferrothorn
|-supereffective|p1a: Ferrothorn
|-damage|p1a: Ferrothorn|0 fnt
|faint|p1a: Ferrothorn
|
|-damage|p2a: Call me May Bee|52/100 tox|[from] psn
|upkeep
|
|t:|1639051890
|switch|p1a: Omastar|Omastar, F|100/100
|-damage|p1a: Omastar|88/100|[from] Stealth Rock
|turn|17
|
|t:|1639051894
|move|p2a: Call me May Bee|Giga Drain|p1a: Omastar
|-supereffective|p1a: Omastar
|-damage|p1a: Omastar|0 fnt
|-heal|p2a: Call me May Bee|94/100 tox|[from] drain|[of] p1a: Omastar
|faint|p1a: Omastar
|
|-damage|p2a: Call me May Bee|69/100 tox|[from] psn
|upkeep
|
|t:|1639051902
|switch|p1a: Swellow|Swellow, M|76/100 brn
|-damage|p1a: Swellow|51/100 brn|[from] Stealth Rock
|turn|18
|
|t:|1639051908
|move|p1a: Swellow|Protect|p1a: Swellow
|-singleturn|p1a: Swellow|Protect
|move|p2a: Call me May Bee|Giga Drain|p1a: Swellow
|-activate|p1a: Swellow|move: Protect
|
|-damage|p2a: Call me May Bee|57/100 tox|[from] Leech Seed|[of] p1a: Swellow
|-heal|p1a: Swellow|65/100 brn|[silent]
|-damage|p2a: Call me May Bee|27/100 tox|[from] psn
|-damage|p1a: Swellow|59/100 brn|[from] brn
|upkeep
|turn|19
|
|t:|1639051918
|move|p1a: Swellow|Protect||[still]
|-fail|p1a: Swellow
|move|p2a: Call me May Bee|Giga Drain|p1a: Swellow
|-resisted|p1a: Swellow
|-damage|p1a: Swellow|0 fnt
|-heal|p2a: Call me May Bee|51/100 tox|[from] drain|[of] p1a: Swellow
|faint|p1a: Swellow
|
|-damage|p2a: Call me May Bee|15/100 tox|[from] psn
|upkeep
|
|t:|1639051929
|switch|p1a: Chansey|Chansey, F|100/100
|-damage|p1a: Chansey|88/100|[from] Stealth Rock
|turn|20
|
|t:|1639051945
|move|p1a: Chansey|Protect|p1a: Chansey
|-singleturn|p1a: Chansey|Protect
|move|p2a: Call me May Bee|Bug Buzz|p1a: Chansey
|-activate|p1a: Chansey|move: Protect
|
|-damage|p2a: Call me May Bee|2/100 tox|[from] Leech Seed|[of] p1a: Chansey
|-heal|p1a: Chansey|94/100|[silent]
|-damage|p2a: Call me May Bee|0 fnt|[from] psn
|faint|p2a: Call me May Bee
|upkeep
|
|t:|1639051956
|switch|p2a: Whale Down|Manaphy|100/100
|turn|21
|
|t:|1639051962
|move|p2a: Whale Down|Calm Mind|p2a: Whale Down
|-boost|p2a: Whale Down|spa|1
|-boost|p2a: Whale Down|spd|1
|move|p1a: Chansey|Toxic|p2a: Whale Down
|-status|p2a: Whale Down|tox
|
|-damage|p2a: Whale Down|94/100 tox|[from] psn
|upkeep
|turn|22
|
|t:|1639051969
|move|p2a: Whale Down|Rain Dance|p2a: Whale Down
|-weather|RainDance
|move|p1a: Chansey|Seismic Toss|p2a: Whale Down
|-damage|p2a: Whale Down|69/100 tox
|
|-weather|RainDance|[upkeep]
|-activate|p2a: Whale Down|ability: Hydration
|-curestatus|p2a: Whale Down|tox|[msg]
|-heal|p2a: Whale Down|76/100|[from] item: Leftovers
|upkeep
|turn|23
|
|t:|1639051977
|move|p2a: Whale Down|Calm Mind|p2a: Whale Down
|-boost|p2a: Whale Down|spa|1
|-boost|p2a: Whale Down|spd|1
|move|p1a: Chansey|Seismic Toss|p2a: Whale Down
|-damage|p2a: Whale Down|51/100
|
|-weather|RainDance|[upkeep]
|-heal|p2a: Whale Down|57/100|[from] item: Leftovers
|upkeep
|turn|24
|
|t:|1639051988
|move|p2a: Whale Down|Calm Mind|p2a: Whale Down
|-boost|p2a: Whale Down|spa|1
|-boost|p2a: Whale Down|spd|1
|move|p1a: Chansey|Seismic Toss|p2a: Whale Down
|-damage|p2a: Whale Down|32/100
|
|-weather|RainDance|[upkeep]
|-heal|p2a: Whale Down|38/100|[from] item: Leftovers
|upkeep
|turn|25
|
|t:|1639051996
|move|p2a: Whale Down|Rest|p2a: Whale Down
|-status|p2a: Whale Down|slp|[from] move: Rest
|-heal|p2a: Whale Down|100/100 slp|[silent]
|move|p1a: Chansey|Seismic Toss|p2a: Whale Down
|-damage|p2a: Whale Down|76/100 slp
|
|-weather|RainDance|[upkeep]
|-activate|p2a: Whale Down|ability: Hydration
|-curestatus|p2a: Whale Down|slp|[msg]
|-heal|p2a: Whale Down|82/100|[from] item: Leftovers
|upkeep
|turn|26
|
|t:|1639052007
|move|p2a: Whale Down|Calm Mind|p2a: Whale Down
|-boost|p2a: Whale Down|spa|1
|-boost|p2a: Whale Down|spd|1
|move|p1a: Chansey|Seismic Toss|p2a: Whale Down
|-damage|p2a: Whale Down|57/100
|
|-weather|none
|-heal|p2a: Whale Down|63/100|[from] item: Leftovers
|upkeep
|turn|27
|
|t:|1639052015
|move|p2a: Whale Down|Rain Dance|p2a: Whale Down
|-weather|RainDance
|move|p1a: Chansey|Toxic|p2a: Whale Down
|-status|p2a: Whale Down|tox
|
|-weather|RainDance|[upkeep]
|-activate|p2a: Whale Down|ability: Hydration
|-curestatus|p2a: Whale Down|tox|[msg]
|-heal|p2a: Whale Down|69/100|[from] item: Leftovers
|upkeep
|turn|28
|
|t:|1639052027
|move|p2a: Whale Down|Rest|p2a: Whale Down
|-status|p2a: Whale Down|slp|[from] move: Rest
|-heal|p2a: Whale Down|100/100 slp|[silent]
|move|p1a: Chansey|Seismic Toss|p2a: Whale Down
|-damage|p2a: Whale Down|76/100 slp
|
|-weather|RainDance|[upkeep]
|-activate|p2a: Whale Down|ability: Hydration
|-curestatus|p2a: Whale Down|slp|[msg]
|-heal|p2a: Whale Down|82/100|[from] item: Leftovers
|upkeep
|turn|29
|
|t:|1639052038
|move|p2a: Whale Down|Calm Mind|p2a: Whale Down
|-boost|p2a: Whale Down|spa|1
|-boost|p2a: Whale Down|spd|1
|move|p1a: Chansey|Seismic Toss|p2a: Whale Down
|-damage|p2a: Whale Down|57/100
|
|-weather|RainDance|[upkeep]
|-heal|p2a: Whale Down|63/100|[from] item: Leftovers
|upkeep
|turn|30
|
|t:|1639052047
|move|p2a: Whale Down|Calm Mind|p2a: Whale Down
|-boost|p2a: Whale Down|spa|1
|-boost|p2a: Whale Down|spd|1
|move|p1a: Chansey|Seismic Toss|p2a: Whale Down
|-damage|p2a: Whale Down|38/100
|
|-weather|RainDance|[upkeep]
|-heal|p2a: Whale Down|44/100|[from] item: Leftovers
|upkeep
|turn|31
|
|t:|1639052055
|move|p2a: Whale Down|Rain Dance||[still]
|-fail|p2a: Whale Down
|move|p1a: Chansey|Seismic Toss|p2a: Whale Down
|-damage|p2a: Whale Down|19/100
|
|-weather|none
|-heal|p2a: Whale Down|26/100|[from] item: Leftovers
|upkeep
|turn|32
|
|t:|1639052064
|move|p2a: Whale Down|Rain Dance|p2a: Whale Down
|-weather|RainDance
|move|p1a: Chansey|Seismic Toss|p2a: Whale Down
|-damage|p2a: Whale Down|1/100
|
|-weather|RainDance|[upkeep]
|-heal|p2a: Whale Down|7/100|[from] item: Leftovers
|upkeep
|turn|33
|
|t:|1639052070
|move|p2a: Whale Down|Rest|p2a: Whale Down
|-status|p2a: Whale Down|slp|[from] move: Rest
|-heal|p2a: Whale Down|100/100 slp|[silent]
|move|p1a: Chansey|Seismic Toss|p2a: Whale Down
|-damage|p2a: Whale Down|76/100 slp
|
|-weather|RainDance|[upkeep]
|-activate|p2a: Whale Down|ability: Hydration
|-curestatus|p2a: Whale Down|slp|[msg]
|-heal|p2a: Whale Down|82/100|[from] item: Leftovers
|upkeep
|turn|34
|c|☆TheNmxn|AAAAAAAAAAAAAAAAAAAAAAAAAAHHHHHHHHHHHHHHHHHHHHHHHHHHHHHHHHHHHHHHHHHHHHHHHHHHHHHHHHHHHHHHHHHHHHHHHHHHHHHHHHHH
|
|t:|1639052086
|move|p2a: Whale Down|Calm Mind|p2a: Whale Down
|-boost|p2a: Whale Down|spa|0
|-boost|p2a: Whale Down|spd|0
|move|p1a: Chansey|Seismic Toss|p2a: Whale Down
|-damage|p2a: Whale Down|57/100
|
|-weather|RainDance|[upkeep]
|-heal|p2a: Whale Down|63/100|[from] item: Leftovers
|upkeep
|turn|35
|
|t:|1639052095
|move|p2a: Whale Down|Rest|p2a: Whale Down
|-status|p2a: Whale Down|slp|[from] move: Rest
|-heal|p2a: Whale Down|100/100 slp|[silent]
|move|p1a: Chansey|Seismic Toss|p2a: Whale Down
|-damage|p2a: Whale Down|76/100 slp
|
|-weather|RainDance|[upkeep]
|-activate|p2a: Whale Down|ability: Hydration
|-curestatus|p2a: Whale Down|slp|[msg]
|-heal|p2a: Whale Down|82/100|[from] item: Leftovers
|upkeep
|turn|36
|
|t:|1639052107
|move|p2a: Whale Down|Scald|p1a: Chansey
|-damage|p1a: Chansey|48/100
|move|p1a: Chansey|Seismic Toss|p2a: Whale Down
|-damage|p2a: Whale Down|57/100
|
|-weather|none
|-heal|p2a: Whale Down|63/100|[from] item: Leftovers
|upkeep
|turn|37
|
|t:|1639052115
|move|p2a: Whale Down|Rain Dance|p2a: Whale Down
|-weather|RainDance
|move|p1a: Chansey|Seismic Toss|p2a: Whale Down
|-damage|p2a: Whale Down|38/100
|
|-weather|RainDance|[upkeep]
|-heal|p2a: Whale Down|44/100|[from] item: Leftovers
|upkeep
|turn|38
|
|t:|1639052122
|move|p2a: Whale Down|Rest|p2a: Whale Down
|-status|p2a: Whale Down|slp|[from] move: Rest
|-heal|p2a: Whale Down|100/100 slp|[silent]
|move|p1a: Chansey|Soft-Boiled|p1a: Chansey
|-heal|p1a: Chansey|98/100
|
|-weather|RainDance|[upkeep]
|-activate|p2a: Whale Down|ability: Hydration
|-curestatus|p2a: Whale Down|slp|[msg]
|upkeep
|turn|39
|
|t:|1639052132
|move|p2a: Whale Down|Scald|p1a: Chansey
|-damage|p1a: Chansey|54/100
|-status|p1a: Chansey|brn
|move|p1a: Chansey|Seismic Toss|p2a: Whale Down
|-damage|p2a: Whale Down|76/100
|
|-weather|RainDance|[upkeep]
|-heal|p2a: Whale Down|82/100|[from] item: Leftovers
|-damage|p1a: Chansey|48/100 brn|[from] brn
|upkeep
|turn|40
|
|t:|1639052143
|move|p2a: Whale Down|Scald|p1a: Chansey
|-damage|p1a: Chansey|1/100 brn
|move|p1a: Chansey|Soft-Boiled|p1a: Chansey
|-heal|p1a: Chansey|51/100 brn
|
|-weather|RainDance|[upkeep]
|-heal|p2a: Whale Down|88/100|[from] item: Leftovers
|-damage|p1a: Chansey|45/100 brn|[from] brn
|upkeep
|turn|41
|
|t:|1639052154
|move|p1a: Chansey|Protect|p1a: Chansey
|-singleturn|p1a: Chansey|Protect
|move|p2a: Whale Down|Scald|p1a: Chansey
|-activate|p1a: Chansey|move: Protect
|
|-weather|none
|-heal|p2a: Whale Down|94/100|[from] item: Leftovers
|-damage|p1a: Chansey|39/100 brn|[from] brn
|upkeep
|turn|42
|
|t:|1639052163
|move|p2a: Whale Down|Scald|p1a: Chansey
|-damage|p1a: Chansey|7/100 brn
|move|p1a: Chansey|Soft-Boiled|p1a: Chansey
|-heal|p1a: Chansey|57/100 brn
|
|-heal|p2a: Whale Down|100/100|[from] item: Leftovers
|-damage|p1a: Chansey|51/100 brn|[from] brn
|upkeep
|turn|43
|
|t:|1639052173
|move|p2a: Whale Down|Scald|p1a: Chansey
|-damage|p1a: Chansey|19/100 brn
|move|p1a: Chansey|Soft-Boiled|p1a: Chansey
|-heal|p1a: Chansey|69/100 brn
|
|-damage|p1a: Chansey|63/100 brn|[from] brn
|upkeep
|turn|44
|
|t:|1639052189
|move|p2a: Whale Down|Rest|p2a: Whale Down
|-fail|p2a: Whale Down|heal
|move|p1a: Chansey|Toxic|p2a: Whale Down
|-status|p2a: Whale Down|tox
|
|-damage|p2a: Whale Down|94/100 tox|[from] psn
|-damage|p1a: Chansey|57/100 brn|[from] brn
|upkeep
|turn|45
|
|t:|1639052209
|move|p2a: Whale Down|Calm Mind|p2a: Whale Down
|-boost|p2a: Whale Down|spa|0
|-boost|p2a: Whale Down|spd|0
|move|p1a: Chansey|Seismic Toss|p2a: Whale Down
|-damage|p2a: Whale Down|69/100 tox
|
|-heal|p2a: Whale Down|76/100 tox|[from] item: Leftovers
|-damage|p2a: Whale Down|63/100 tox|[from] psn
|-damage|p1a: Chansey|51/100 brn|[from] brn
|upkeep
|turn|46
|
|t:|1639052220
|move|p1a: Chansey|Protect|p1a: Chansey
|-singleturn|p1a: Chansey|Protect
|move|p2a: Whale Down|Rest|p2a: Whale Down
|-status|p2a: Whale Down|slp|[from] move: Rest
|-heal|p2a: Whale Down|100/100 slp|[silent]
|
|-damage|p1a: Chansey|44/100 brn|[from] brn
|upkeep
|turn|47
|
|t:|1639052229
|cant|p2a: Whale Down|slp
|move|p1a: Chansey|Soft-Boiled|p1a: Chansey
|-heal|p1a: Chansey|95/100 brn
|
|-damage|p1a: Chansey|88/100 brn|[from] brn
|upkeep
|turn|48
|
|t:|1639052236
|cant|p2a: Whale Down|slp
|move|p1a: Chansey|Seismic Toss|p2a: Whale Down
|-damage|p2a: Whale Down|76/100 slp
|
|-heal|p2a: Whale Down|82/100 slp|[from] item: Leftovers
|-damage|p1a: Chansey|82/100 brn|[from] brn
|upkeep
|turn|49
|
|t:|1639052249
|-curestatus|p2a: Whale Down|slp|[msg]
|move|p2a: Whale Down|Rest|p2a: Whale Down
|-status|p2a: Whale Down|slp|[from] move: Rest
|-heal|p2a: Whale Down|100/100 slp|[silent]
|move|p1a: Chansey|Seismic Toss|p2a: Whale Down
|-damage|p2a: Whale Down|76/100 slp
|
|-heal|p2a: Whale Down|82/100 slp|[from] item: Leftovers
|-damage|p1a: Chansey|76/100 brn|[from] brn
|upkeep
|turn|50
|
|t:|1639052261
|cant|p2a: Whale Down|slp
|move|p1a: Chansey|Seismic Toss|p2a: Whale Down
|-damage|p2a: Whale Down|57/100 slp
|
|-heal|p2a: Whale Down|63/100 slp|[from] item: Leftovers
|-damage|p1a: Chansey|70/100 brn|[from] brn
|upkeep
|turn|51
|-message|TheNmxn forfeited.
|
|win|I<3PickMe
|raw|TheNmxn's rating: 1003 &rarr; <strong>1000</strong><br />(-3 for losing)
|raw|I&lt;3PickMe's rating: 1122 &rarr; <strong>1139</strong><br />(+17 for winning)
|l|☆TheNmxn
|c|☆I<3PickMe|switching volc after a rest ?
