|j|☆Darkshadow4544
|j|☆miss buttanuss
|t:|1639039679
|gametype|singles
|player|p1|Darkshadow4544|170|1103
|player|p2|miss buttanuss|lass-gen4dp|1000
|teamsize|p1|6
|teamsize|p2|6
|gen|8
|tier|[Gen 8] National Dex
|rated|
|rule|HP Percentage Mod: HP is shown in percentages
|rule|Endless Battle Clause: Forcing endless battles is banned
|rule|OHKO Clause: OHKO moves are banned
|rule|Evasion Moves Clause: Evasion moves are banned
|rule|Species Clause: Limit one of each Pokémon
|rule|Dynamax Clause: You cannot dynamax
|rule|Sleep Clause Mod: Limit one foe put to sleep
|clearpoke
|poke|p1|Hippowdon, M|
|poke|p1|Greninja, M|
|poke|p1|Skarmory, M|
|poke|p1|Tapu Lele|
|poke|p1|Charizard, M|
|poke|p1|Venusaur, M|
|poke|p2|Tyranitar, F|
|poke|p2|Dracozolt|
|poke|p2|Landorus-Therian, M|
|poke|p2|Clefable, F|
|poke|p2|Kartana|
|poke|p2|Garchomp, M|
|teampreview
|
|t:|1639039685
|start
|switch|p1a: gud hippo|Hippowdon, M|100/100
|switch|p2a: Kartana|Kartana|100/100
|-weather|Sandstorm|[from] ability: Sand Stream|[of] p1a: gud hippo
|turn|1
|
|t:|1639039698
|switch|p1a: bish ur out|Skarmory, M|100/100
|move|p2a: Kartana|Toxic|p1a: bish ur out
|-immune|p1a: bish ur out
|
|-weather|Sandstorm|[upkeep]
|upkeep
|turn|2
|
|t:|1639039708
|switch|p2a: Garchomp|Garchomp, M|100/100
|move|p1a: bish ur out|Whirlwind|p2a: Garchomp
|drag|p2a: Clefable|Clefable, F|100/100
|
|-weather|Sandstorm|[upkeep]
|upkeep
|turn|3
|
|t:|1639039716
|move|p1a: bish ur out|Taunt|p2a: Clefable
|-start|p2a: Clefable|move: Taunt
|cant|p2a: Clefable|move: Taunt|Teleport
|
|-weather|Sandstorm|[upkeep]
|upkeep
|turn|4
|
|t:|1639039724
|switch|p2a: Dracozolt|Dracozolt|100/100
|move|p1a: bish ur out|Spikes|p2a: Dracozolt
|-sidestart|p2: miss buttanuss|Spikes
|
|-weather|Sandstorm|[upkeep]
|upkeep
|turn|5
|
|t:|1639039731
|switch|p1a: gud hippo|Hippowdon, M|100/100
|move|p2a: Dracozolt|Fire Blast|p1a: gud hippo
|-damage|p1a: gud hippo|77/100
|-damage|p2a: Dracozolt|91/100|[from] item: Life Orb
|
|-weather|none
|-heal|p1a: gud hippo|83/100|[from] item: Leftovers
|upkeep
|turn|6
|
|t:|1639039743
|switch|p2a: Landorus|Landorus-Therian, M|100/100
|-ability|p2a: Landorus|Intimidate|boost
|-unboost|p1a: gud hippo|atk|1
|move|p1a: gud hippo|Stealth Rock|p2a: Landorus
|-sidestart|p2: miss buttanuss|move: Stealth Rock
|
|-heal|p1a: gud hippo|89/100|[from] item: Leftovers
|upkeep
|turn|7
|
|t:|1639039754
|move|p2a: Landorus|Defog|p1a: gud hippo
|-unboost|p1a: gud hippo|evasion|1
|-sideend|p2: miss buttanuss|Spikes|[from] move: Defog|[of] p2a: Landorus
|-sideend|p2: miss buttanuss|Stealth Rock|[from] move: Defog|[of] p2a: Landorus
|move|p1a: gud hippo|Toxic|p2a: Landorus
|-status|p2a: Landorus|tox
|
|-heal|p1a: gud hippo|95/100|[from] item: Leftovers
|-damage|p2a: Landorus|94/100 tox|[from] psn
|upkeep
|turn|8
|
|t:|1639039771
|move|p2a: Landorus|Swords Dance|p2a: Landorus
|-boost|p2a: Landorus|atk|2
|move|p1a: gud hippo|Slack Off|p1a: gud hippo
|-heal|p1a: gud hippo|100/100
|
|-damage|p2a: Landorus|82/100 tox|[from] psn
|upkeep
|turn|9
|
|t:|1639039786
|-zpower|p2a: Landorus
|move|p2a: Landorus|Supersonic Skystrike|p1a: gud hippo|[zeffect]
|-damage|p1a: gud hippo|0 fnt
|faint|p1a: gud hippo
|
|-damage|p2a: Landorus|64/100 tox|[from] psn
|upkeep
|
|t:|1639039797
|switch|p1a: bish ur out|Skarmory, M|100/100
|turn|10
|
|t:|1639039803
|switch|p2a: Tyranitar|Tyranitar, F|100/100
|-weather|Sandstorm|[from] ability: Sand Stream|[of] p2a: Tyranitar
|move|p1a: bish ur out|Whirlwind|p2a: Tyranitar
|drag|p2a: Garchomp|Garchomp, M|100/100
|
|-weather|Sandstorm|[upkeep]
|upkeep
|turn|11
|
|t:|1639039817
|move|p2a: Garchomp|Fire Blast|p1a: bish ur out
|-supereffective|p1a: bish ur out
|-damage|p1a: bish ur out|35/100
|move|p1a: bish ur out|Spikes|p2a: Garchomp
|-sidestart|p2: miss buttanuss|Spikes
|
|-weather|Sandstorm|[upkeep]
|upkeep
|turn|12
|
|t:|1639039826
|detailschange|p2a: Garchomp|Garchomp-Mega, M
|-mega|p2a: Garchomp|Garchomp|Garchompite
|move|p2a: Garchomp|Fire Blast|p1a: bish ur out
|-supereffective|p1a: bish ur out
|-damage|p1a: bish ur out|0 fnt
|faint|p1a: bish ur out
|
|-weather|Sandstorm|[upkeep]
|upkeep
|
|t:|1639039833
|switch|p1a: Charizard|Charizard, M|100/100
|turn|13
|
|t:|1639039838
|switch|p2a: Landorus|Landorus-Therian, M|64/100 tox
|-ability|p2a: Landorus|Intimidate|boost
|-unboost|p1a: Charizard|atk|1
|detailschange|p1a: Charizard|Charizard-Mega-X, M
|-mega|p1a: Charizard|Charizard|Charizardite X
|move|p1a: Charizard|Earthquake|p2a: Landorus
|-immune|p2a: Landorus
|
|-weather|Sandstorm|[upkeep]
|-damage|p1a: Charizard|94/100|[from] Sandstorm
|-damage|p2a: Landorus|58/100 tox|[from] psn
|upkeep
|turn|14
|inactive|Battle timer is ON: inactive players will automatically lose when time's up. (requested by miss buttanuss)
|
|t:|1639039902
|move|p1a: Charizard|Dragon Dance|p1a: Charizard
|-boost|p1a: Charizard|atk|1
|-boost|p1a: Charizard|spe|1
|move|p2a: Landorus|Earthquake|p1a: Charizard
|-supereffective|p1a: Charizard
|-damage|p1a: Charizard|0 fnt
|faint|p1a: Charizard
|
|-weather|Sandstorm|[upkeep]
|-damage|p2a: Landorus|46/100 tox|[from] psn
|upkeep
|
|t:|1639039912
|switch|p1a: Venusaur|Venusaur, M|100/100
|turn|15
|
|t:|1639039916
|move|p1a: Venusaur|Giga Drain|p2a: Landorus
|-damage|p2a: Landorus|0 fnt
|faint|p2a: Landorus
|-damage|p1a: Venusaur|91/100|[from] item: Life Orb
|
|-weather|Sandstorm|[upkeep]
|-damage|p1a: Venusaur|85/100|[from] Sandstorm
|upkeep
|
|t:|1639039927
|switch|p2a: Garchomp|Garchomp-Mega, M|100/100
|-damage|p2a: Garchomp|88/100|[from] Spikes
|turn|16
|
|t:|1639039935
|move|p2a: Garchomp|Swords Dance|p2a: Garchomp
|-boost|p2a: Garchomp|atk|2
|move|p1a: Venusaur|Giga Drain|p2a: Garchomp
|-damage|p2a: Garchomp|44/100
|-heal|p1a: Venusaur|100/100|[from] drain|[of] p2a: Garchomp
|-damage|p1a: Venusaur|91/100|[from] item: Life Orb
|
|-weather|Sandstorm|[upkeep]
|-damage|p1a: Venusaur|85/100|[from] Sandstorm
|upkeep
|turn|17
|
|t:|1639039944
|move|p2a: Garchomp|Scale Shot|p1a: Venusaur
|-damage|p1a: Venusaur|45/100
|-damage|p1a: Venusaur|9/100
|-damage|p1a: Venusaur|0 fnt
|faint|p1a: Venusaur
|-hitcount|p1: Venusaur|3
|-unboost|p2a: Garchomp|def|1
|-boost|p2a: Garchomp|spe|1
|
|-weather|none
|upkeep
|
|t:|1639039960
|switch|p1a: long tongue boi|Greninja, M|100/100
|turn|18
|
|t:|1639039963
|move|p2a: Garchomp|Earthquake|p1a: long tongue boi
|-damage|p1a: long tongue boi|0 fnt
|faint|p1a: long tongue boi
|
|upkeep
|
|t:|1639039967
|switch|p1a: lele|Tapu Lele|100/100
|-fieldstart|move: Psychic Terrain|[from] ability: Psychic Surge|[of] p1a: lele
|turn|19
|
|t:|1639039973
|move|p2a: Garchomp|Earthquake|p1a: lele
|-damage|p1a: lele|0 fnt
|faint|p1a: lele
|
|win|miss buttanuss
|raw|Darkshadow4544's rating: 1103 &rarr; <strong>1071</strong><br />(-32 for losing)
|raw|miss buttanuss's rating: 1000 &rarr; <strong>1052</strong><br />(+52 for winning)
|l|☆Darkshadow4544
