|inactive|Battle timer is ON: inactive players will automatically lose when time's up.
|t:|1640303370
|gametype|singles
|player|p1|Nalorium|elesa|
|player|p2|LpZ IV|dragontamer|
|teamsize|p1|6
|teamsize|p2|6
|gen|5
|tier|[Gen 5] LC
|rule|Species Clause: Limit one of each Pokémon
|rule|OHKO Clause: OHKO moves are banned
|rule|Moody Clause: Moody is banned
|rule|Evasion Moves Clause: Evasion moves are banned
|rule|Endless Battle Clause: Forcing endless battles is banned
|rule|HP Percentage Mod: HP is shown in percentages
|rule|Sleep Clause: Sleep-inducing moves are banned
|clearpoke
|poke|p1|Gastly, L5, F|item
|poke|p1|Chinchou, L5, F|item
|poke|p1|Mienfoo, L5, M|item
|poke|p1|Diglett, L5, F|item
|poke|p1|Abra, L5, M|item
|poke|p1|Porygon, L5|item
|poke|p2|Magnemite, L5|item
|poke|p2|Gastly, L5, M|item
|poke|p2|Mienfoo, L5, M|item
|poke|p2|Natu, L5, F|item
|poke|p2|Staryu, L5|item
|poke|p2|Hippopotas, L5, M|item
|teampreview
|c|☆LpZ IV|h_f
|inactive|LpZ IV has 270 seconds left.
|c|☆Nalorium|no
|c|☆LpZ IV|btw this mu is trash
|c|☆LpZ IV|chinchou fucks me
|c|☆LpZ IV|:(
|inactive|LpZ IV has 240 seconds left.
|
|t:|1640303444
|start
|switch|p1a: Diglett|Diglett, L5, F|100/100
|switch|p2a: Hippopotas|Hippopotas, L5, M|100/100
|-item|p1a: Diglett|Air Balloon
|-weather|Sandstorm|[from] ability: Sand Stream|[of] p2a: Hippopotas
|turn|1
|inactive|Nalorium has 270 seconds left.
|
|t:|1640303489
|move|p1a: Diglett|Substitute|p1a: Diglett
|-start|p1a: Diglett|Substitute
|-damage|p1a: Diglett|78/100
|move|p2a: Hippopotas|Stealth Rock|p1a: Diglett
|-sidestart|p1: Nalorium|move: Stealth Rock
|
|-weather|Sandstorm|[upkeep]
|upkeep
|turn|2
|
|t:|1640303493
|move|p1a: Diglett|Earthquake|p2a: Hippopotas
|-damage|p2a: Hippopotas|72/100
|move|p2a: Hippopotas|Crunch|p1a: Diglett
|-end|p1a: Diglett|Substitute
|-enditem|p1a: Diglett|Air Balloon
|
|-weather|Sandstorm|[upkeep]
|upkeep
|turn|3
|
|t:|1640303500
|switch|p1a: Porygon|Porygon, L5|100/100
|-damage|p1a: Porygon|88/100|[from] Stealth Rock
|-ability|p1a: Porygon|Sand Stream|[from] ability: Trace|[of] p2a: Hippopotas
|move|p2a: Hippopotas|Slack Off|p2a: Hippopotas
|-heal|p2a: Hippopotas|100/100
|
|-weather|Sandstorm|[upkeep]
|-damage|p1a: Porygon|84/100|[from] Sandstorm
|upkeep
|turn|4
|
|t:|1640303524
|move|p1a: Porygon|Tri Attack|p2a: Hippopotas
|-damage|p2a: Hippopotas|72/100
|move|p2a: Hippopotas|Earthquake|p1a: Porygon
|-damage|p1a: Porygon|48/100
|
|-weather|Sandstorm|[upkeep]
|-damage|p1a: Porygon|44/100|[from] Sandstorm
|upkeep
|turn|5
|
|t:|1640303538
|switch|p2a: Mienfoo|Mienfoo, L5, M, shiny|100/100
|move|p1a: Porygon|Recover|p1a: Porygon
|-heal|p1a: Porygon|96/100
|
|-weather|Sandstorm|[upkeep]
|-damage|p2a: Mienfoo|96/100|[from] Sandstorm
|-damage|p1a: Porygon|92/100|[from] Sandstorm
|upkeep
|turn|6
|
|t:|1640303545
|move|p2a: Mienfoo|Knock Off|p1a: Porygon
|-damage|p1a: Porygon|84/100
|-enditem|p1a: Porygon|Eviolite|[from] move: Knock Off|[of] p2a: Mienfoo
|move|p1a: Porygon|Psychic|p2a: Mienfoo
|-supereffective|p2a: Mienfoo
|-damage|p2a: Mienfoo|44/100
|
|-weather|Sandstorm|[upkeep]
|-damage|p2a: Mienfoo|40/100|[from] Sandstorm
|-damage|p1a: Porygon|80/100|[from] Sandstorm
|upkeep
|turn|7
|
|t:|1640303551
|switch|p1a: Mienfoo|Mienfoo, L5, M|100/100
|-damage|p1a: Mienfoo|96/100|[from] Stealth Rock
|move|p2a: Mienfoo|U-turn|p1a: Mienfoo
|-resisted|p1a: Mienfoo
|-damage|p1a: Mienfoo|87/100
|
|t:|1640303558
|switch|p2a: Gastly|Gastly, L5, M, shiny|100/100|[from]move: U-turn
|
|-weather|Sandstorm|[upkeep]
|-damage|p2a: Gastly|96/100|[from] Sandstorm
|-damage|p1a: Mienfoo|82/100|[from] Sandstorm
|upkeep
|turn|8
|
|t:|1640303578
|move|p2a: Gastly|Will-O-Wisp|p1a: Mienfoo
|-status|p1a: Mienfoo|brn
|move|p1a: Mienfoo|Knock Off|p2a: Gastly
|-supereffective|p2a: Gastly
|-damage|p2a: Gastly|86/100
|-enditem|p2a: Gastly|Eviolite|[from] move: Knock Off|[of] p1a: Mienfoo
|
|-weather|Sandstorm|[upkeep]
|-damage|p2a: Gastly|81/100|[from] Sandstorm
|-damage|p1a: Mienfoo|78/100 brn|[from] Sandstorm
|-damage|p1a: Mienfoo|69/100 brn|[from] brn
|upkeep
|turn|9
|
|t:|1640303584
|move|p2a: Gastly|Shadow Ball|p1a: Mienfoo
|-damage|p1a: Mienfoo|37/100 brn
|move|p1a: Mienfoo|U-turn|p2a: Gastly
|-resisted|p2a: Gastly
|-damage|p2a: Gastly|77/100
|
|t:|1640303591
|switch|p1a: Abra|Abra, L5, M|100/100|[from]move: U-turn
|
|-weather|Sandstorm|[upkeep]
|-damage|p2a: Gastly|72/100|[from] Sandstorm
|upkeep
|turn|10
|
|t:|1640303596
|switch|p2a: Magnemite|Magnemite, L5|100/100
|move|p1a: Abra|Psychic|p2a: Magnemite
|-resisted|p2a: Magnemite
|-damage|p2a: Magnemite|37/100
|
|-weather|Sandstorm|[upkeep]
|upkeep
|turn|11
|
|t:|1640303612
|switch|p2a: Hippopotas|Hippopotas, L5, M|72/100
|move|p1a: Abra|Protect||[still]
|-fail|p1a: Abra
|
|-weather|Sandstorm|[upkeep]
|upkeep
|turn|12
|
|t:|1640303636
|move|p1a: Abra|Psychic|p2a: Hippopotas
|-damage|p2a: Hippopotas|24/100
|move|p2a: Hippopotas|Slack Off|p2a: Hippopotas
|-heal|p2a: Hippopotas|76/100
|
|-weather|Sandstorm|[upkeep]
|upkeep
|turn|13
|
|t:|1640303645
|switch|p1a: Mienfoo|Mienfoo, L5, M|69/100 brn
|-damage|p1a: Mienfoo|64/100 brn|[from] Stealth Rock
|move|p2a: Hippopotas|Slack Off|p2a: Hippopotas
|-heal|p2a: Hippopotas|100/100
|
|-weather|Sandstorm|[upkeep]
|-damage|p1a: Mienfoo|60/100 brn|[from] Sandstorm
|-damage|p1a: Mienfoo|50/100 brn|[from] brn
|upkeep
|turn|14
|
|t:|1640303650
|switch|p2a: Gastly|Gastly, L5, M, shiny|72/100
|move|p1a: Mienfoo|Knock Off|p2a: Gastly
|-supereffective|p2a: Gastly
|-damage|p2a: Gastly|58/100
|
|-weather|Sandstorm|[upkeep]
|-damage|p2a: Gastly|53/100|[from] Sandstorm
|-damage|p1a: Mienfoo|46/100 brn|[from] Sandstorm
|-damage|p1a: Mienfoo|37/100 brn|[from] brn
|upkeep
|turn|15
|inactive|Nalorium has 270 seconds left.
|
|t:|1640303696
|move|p2a: Gastly|Will-O-Wisp|p1a: Mienfoo|[miss]
|-miss|p2a: Gastly|p1a: Mienfoo
|move|p1a: Mienfoo|U-turn|p2a: Gastly
|-resisted|p2a: Gastly
|-damage|p2a: Gastly|48/100
|
|t:|1640303698
|switch|p1a: Abra|Abra, L5, M|100/100|[from]move: U-turn
|
|-weather|Sandstorm|[upkeep]
|-damage|p2a: Gastly|43/100|[from] Sandstorm
|upkeep
|turn|16
|
|t:|1640303708
|switch|p2a: Hippopotas|Hippopotas, L5, M|100/100
|move|p1a: Abra|Psychic|p2a: Hippopotas
|-damage|p2a: Hippopotas|48/100
|
|-weather|Sandstorm|[upkeep]
|upkeep
|turn|17
|inactive|Nalorium has 270 seconds left.
|inactive|LpZ IV has 270 seconds left.
|
|t:|1640303749
|switch|p2a: Magnemite|Magnemite, L5|37/100
|move|p1a: Abra|Psychic|p2a: Magnemite
|-resisted|p2a: Magnemite
|-damage|p2a: Magnemite|0 fnt
|faint|p2a: Magnemite
|
|-weather|Sandstorm|[upkeep]
|upkeep
|
|t:|1640303751
|switch|p2a: Staryu|Staryu, L5|100/100
|turn|18
|inactive|Nalorium has 270 seconds left.
|
|t:|1640303761
|switch|p1a: Chinchou|Chinchou, L5, F|100/100
|-damage|p1a: Chinchou|88/100|[from] Stealth Rock
|move|p2a: Staryu|Scald|p1a: Chinchou
|-resisted|p1a: Chinchou
|-damage|p1a: Chinchou|75/100
|
|-weather|Sandstorm|[upkeep]
|-damage|p2a: Staryu|96/100|[from] Sandstorm
|-damage|p1a: Chinchou|71/100|[from] Sandstorm
|upkeep
|turn|19
|inactive|LpZ IV has 270 seconds left.
|inactive|LpZ IV has 240 seconds left.
|inactive|LpZ IV has 210 seconds left.
|
|t:|1640303855
|switch|p2a: Gastly|Gastly, L5, M, shiny|43/100
|move|p1a: Chinchou|Scald|p2a: Gastly
|-damage|p2a: Gastly|0 fnt
|faint|p2a: Gastly
|
|-weather|Sandstorm|[upkeep]
|-damage|p1a: Chinchou|67/100|[from] Sandstorm
|upkeep
|
|t:|1640303859
|switch|p2a: Mienfoo|Mienfoo, L5, M, shiny|70/100
|turn|20
|
|t:|1640303874
|switch|p1a: Gastly|Gastly, L5, F|100/100
|-damage|p1a: Gastly|91/100|[from] Stealth Rock
|move|p2a: Mienfoo|U-turn|p1a: Gastly
|-resisted|p1a: Gastly
|-damage|p1a: Gastly|86/100
|
|t:|1640303894
|switch|p2a: Hippopotas|Hippopotas, L5, M|48/100|[from]move: U-turn
|
|-weather|Sandstorm|[upkeep]
|-damage|p1a: Gastly|81/100|[from] Sandstorm
|upkeep
|turn|21
|
|t:|1640303903
|move|p1a: Gastly|Will-O-Wisp|p2a: Hippopotas|[miss]
|-miss|p1a: Gastly|p2a: Hippopotas
|move|p2a: Hippopotas|Slack Off|p2a: Hippopotas
|-heal|p2a: Hippopotas|100/100
|
|-weather|Sandstorm|[upkeep]
|-damage|p1a: Gastly|77/100|[from] Sandstorm
|upkeep
|turn|22
|
|t:|1640303907
|switch|p2a: Staryu|Staryu, L5|96/100
|move|p1a: Gastly|Will-O-Wisp|p2a: Staryu
|-status|p2a: Staryu|brn
|
|-weather|Sandstorm|[upkeep]
|-damage|p2a: Staryu|91/100 brn|[from] Sandstorm
|-damage|p1a: Gastly|72/100|[from] Sandstorm
|-damage|p2a: Staryu|81/100 brn|[from] brn
|upkeep
|turn|23
|inactive|LpZ IV has 210 seconds left.
|inactive|Nalorium has 270 seconds left.
|
|t:|1640303951
|switch|p1a: Chinchou|Chinchou, L5, F|67/100
|-damage|p1a: Chinchou|55/100|[from] Stealth Rock
|move|p2a: Staryu|Scald|p1a: Chinchou
|-resisted|p1a: Chinchou
|-crit|p1a: Chinchou
|-damage|p1a: Chinchou|25/100
|
|-weather|Sandstorm|[upkeep]
|-damage|p2a: Staryu|77/100 brn|[from] Sandstorm
|-damage|p1a: Chinchou|21/100|[from] Sandstorm
|-damage|p2a: Staryu|67/100 brn|[from] brn
|upkeep
|turn|24
|
|t:|1640303957
|-curestatus|p2a: Staryu|brn|[from] ability: Natural Cure
|switch|p2a: Mienfoo|Mienfoo, L5, M, shiny|100/100
|switch|p1a: Diglett|Diglett, L5, F|78/100
|-damage|p1a: Diglett|73/100|[from] Stealth Rock
|
|-weather|Sandstorm|[upkeep]
|-damage|p2a: Mienfoo|96/100|[from] Sandstorm
|upkeep
|turn|25
|
|t:|1640303966
|switch|p1a: Gastly|Gastly, L5, F|72/100
|-damage|p1a: Gastly|62/100|[from] Stealth Rock
|move|p2a: Mienfoo|Fake Out|p1a: Gastly
|-immune|p1a: Gastly
|
|-weather|Sandstorm|[upkeep]
|-damage|p1a: Gastly|58/100|[from] Sandstorm
|-damage|p2a: Mienfoo|92/100|[from] Sandstorm
|upkeep
|turn|26
|inactive|Nalorium has 270 seconds left.
|inactive|LpZ IV has 210 seconds left.
|inactive|LpZ IV has 180 seconds left.
|
|t:|1640304025
|switch|p2a: Staryu|Staryu, L5|67/100
|move|p1a: Gastly|Shadow Ball|p2a: Staryu
|-damage|p2a: Staryu|20/100
|
|-weather|Sandstorm|[upkeep]
|-damage|p1a: Gastly|53/100|[from] Sandstorm
|-damage|p2a: Staryu|15/100|[from] Sandstorm
|upkeep
|turn|27
|inactive|LpZ IV has 180 seconds left.
|
|t:|1640304048
|move|p2a: Staryu|Recover|p2a: Staryu
|-heal|p2a: Staryu|67/100
|move|p1a: Gastly|Shadow Ball|p2a: Staryu
|-damage|p2a: Staryu|20/100
|
|-weather|Sandstorm|[upkeep]
|-damage|p2a: Staryu|15/100|[from] Sandstorm
|-damage|p1a: Gastly|48/100|[from] Sandstorm
|upkeep
|turn|28
|
|t:|1640304054
|move|p1a: Gastly|Shadow Ball|p2a: Staryu
|-damage|p2a: Staryu|0 fnt
|faint|p2a: Staryu
|
|-weather|Sandstorm|[upkeep]
|-damage|p1a: Gastly|43/100|[from] Sandstorm
|upkeep
|inactive|LpZ IV has 150 seconds left.
|
|t:|1640304087
|switch|p2a: Hippopotas|Hippopotas, L5, M|100/100
|turn|29
|
|t:|1640304099
|move|p1a: Gastly|Will-O-Wisp|p2a: Hippopotas
|-status|p2a: Hippopotas|brn
|move|p2a: Hippopotas|Crunch|p1a: Gastly
|-supereffective|p1a: Gastly
|-damage|p1a: Gastly|15/100
|
|-weather|Sandstorm|[upkeep]
|-damage|p1a: Gastly|10/100|[from] Sandstorm
|-damage|p2a: Hippopotas|88/100 brn|[from] brn
|upkeep
|turn|30
|
|t:|1640304105
|move|p1a: Gastly|Pain Split|p2a: Hippopotas
|-sethp|p2a: Hippopotas|48/100 brn|[from] move: Pain Split|[silent]
|-sethp|p1a: Gastly|58/100|[from] move: Pain Split
|move|p2a: Hippopotas|Crunch|p1a: Gastly
|-supereffective|p1a: Gastly
|-damage|p1a: Gastly|29/100
|
|-weather|Sandstorm|[upkeep]
|-damage|p1a: Gastly|24/100|[from] Sandstorm
|-damage|p2a: Hippopotas|36/100 brn|[from] brn
|upkeep
|turn|31
|
|t:|1640304111
|move|p1a: Gastly|Shadow Ball|p2a: Hippopotas
|-damage|p2a: Hippopotas|0 fnt
|faint|p2a: Hippopotas
|
|-weather|Sandstorm|[upkeep]
|-damage|p1a: Gastly|20/100|[from] Sandstorm
|upkeep
|
|t:|1640304135
|switch|p2a: Mienfoo|Mienfoo, L5, M, shiny|100/100
|turn|32
|
|t:|1640304140
|move|p1a: Gastly|Pain Split|p2a: Mienfoo
|-sethp|p2a: Mienfoo|57/100|[from] move: Pain Split|[silent]
|-sethp|p1a: Gastly|62/100|[from] move: Pain Split
|move|p2a: Mienfoo|Knock Off|p1a: Gastly
|-supereffective|p1a: Gastly
|-damage|p1a: Gastly|43/100
|-enditem|p1a: Gastly|Eviolite|[from] move: Knock Off|[of] p2a: Mienfoo
|
|-weather|Sandstorm|[upkeep]
|-damage|p1a: Gastly|39/100|[from] Sandstorm
|-damage|p2a: Mienfoo|53/100|[from] Sandstorm
|upkeep
|turn|33
|
|t:|1640304146
|move|p1a: Gastly|Will-O-Wisp|p2a: Mienfoo|[miss]
|-miss|p1a: Gastly|p2a: Mienfoo
|move|p2a: Mienfoo|U-turn|p1a: Gastly
|-resisted|p1a: Gastly
|-damage|p1a: Gastly|29/100
|
|t:|1640304148
|switch|p2a: Natu|Natu, L5, F|100/100|[from]move: U-turn
|
|-weather|Sandstorm|[upkeep]
|-damage|p1a: Gastly|24/100|[from] Sandstorm
|-damage|p2a: Natu|96/100|[from] Sandstorm
|upkeep
|turn|34
|
|t:|1640304151
|switch|p2a: Mienfoo|Mienfoo, L5, M, shiny|83/100
|move|p1a: Gastly|Shadow Ball|p2a: Mienfoo
|-damage|p2a: Mienfoo|44/100
|
|-weather|Sandstorm|[upkeep]
|-damage|p1a: Gastly|20/100|[from] Sandstorm
|-damage|p2a: Mienfoo|40/100|[from] Sandstorm
|upkeep
|turn|35
|
|t:|1640304156
|move|p1a: Gastly|Shadow Ball|p2a: Mienfoo
|-damage|p2a: Mienfoo|0 fnt
|faint|p2a: Mienfoo
|
|-weather|Sandstorm|[upkeep]
|-damage|p1a: Gastly|15/100|[from] Sandstorm
|upkeep
|c|☆LpZ IV|bg
|
|t:|1640304166
|switch|p2a: Natu|Natu, L5, F|96/100
|turn|36
|
|t:|1640304189
|move|p1a: Gastly|Shadow Ball|p2a: Natu
|-supereffective|p2a: Natu
|-damage|p2a: Natu|0 fnt
|faint|p2a: Natu
|
|win|Nalorium
