|inactive|Battle timer is ON: inactive players will automatically lose when time's up.
|t:|1636924515
|gametype|singles
|player|p1|Mr.378|sage-gen2jp|
|player|p2|EternalSnowman|101|
|teamsize|p1|6
|teamsize|p2|6
|gen|5
|tier|[Gen 5] UU
|rule|Species Clause: Limit one of each Pokémon
|rule|OHKO Clause: OHKO moves are banned
|rule|Moody Clause: Moody is banned
|rule|Evasion Moves Clause: Evasion moves are banned
|rule|Endless Battle Clause: Forcing endless battles is banned
|rule|HP Percentage Mod: HP is shown in percentages
|rule|Evasion Abilities Clause: Evasion abilities are banned
|rule|Baton Pass Clause: Limit one Baton Passer, can't pass Spe and other stats simultaneously
|rule|Swagger Clause: Swagger is banned
|rule|Sleep Clause Mod: Limit one foe put to sleep
|clearpoke
|poke|p1|Zapdos|item
|poke|p1|Weavile, F|item
|poke|p1|Ferroseed, M|item
|poke|p1|Slowbro, M|item
|poke|p1|Snorlax, M|item
|poke|p1|Nidoqueen, F|item
|poke|p2|Krookodile, F|item
|poke|p2|Druddigon, F|item
|poke|p2|Mew|item
|poke|p2|Roserade, F|item
|poke|p2|Cofagrigus, F|item
|poke|p2|Zapdos|item
|teampreview
|c|☆Mr.378|hf
|c|☆EternalSnowman|u2
|inactive|Mr.378 has 270 seconds left.
|inactive|EternalSnowman has 270 seconds left.
|
|t:|1636924554
|start
|switch|p1a: Nidoqueen|Nidoqueen, F|100/100
|switch|p2a: Krookodile|Krookodile, F|100/100
|turn|1
|
|t:|1636924566
|move|p2a: Krookodile|Earthquake|p1a: Nidoqueen
|-supereffective|p1a: Nidoqueen
|-damage|p1a: Nidoqueen|0 fnt
|faint|p1a: Nidoqueen
|-ability|p2a: Krookodile|Moxie|boost
|-boost|p2a: Krookodile|atk|1
|
|upkeep
|
|t:|1636924574
|switch|p1a: Zapdos|Zapdos|100/100
|-ability|p1a: Zapdos|Pressure
|turn|2
|
|t:|1636924577
|switch|p2a: Druddigon|Druddigon, F|100/100
|-ability|p2a: Druddigon|Mold Breaker
|move|p1a: Zapdos|Hidden Power|p2a: Druddigon
|-resisted|p2a: Druddigon
|-damage|p2a: Druddigon|90/100
|
|-heal|p2a: Druddigon|96/100|[from] item: Leftovers
|upkeep
|turn|3
|
|t:|1636924586
|switch|p1a: Snorlax|Snorlax, M|100/100
|move|p2a: Druddigon|Stealth Rock|p1a: Snorlax
|-sidestart|p1: Mr.378|move: Stealth Rock
|
|-heal|p2a: Druddigon|100/100|[from] item: Leftovers
|upkeep
|turn|4
|
|t:|1636924590
|move|p2a: Druddigon|Outrage|p1a: Snorlax
|-damage|p1a: Snorlax|57/100
|move|p1a: Snorlax|Body Slam|p2a: Druddigon
|-damage|p2a: Druddigon|57/100
|
|-heal|p2a: Druddigon|63/100|[from] item: Leftovers
|-heal|p1a: Snorlax|63/100|[from] item: Leftovers
|upkeep
|turn|5
|
|t:|1636924598
|move|p1a: Snorlax|Protect|p1a: Snorlax
|-singleturn|p1a: Snorlax|Protect
|move|p2a: Druddigon|Outrage|p1a: Snorlax|[from]lockedmove
|-activate|p1a: Snorlax|move: Protect
|
|-heal|p2a: Druddigon|69/100|[from] item: Leftovers
|-heal|p1a: Snorlax|69/100|[from] item: Leftovers
|upkeep
|turn|6
|
|t:|1636924602
|move|p2a: Druddigon|Outrage|p1a: Snorlax
|-damage|p1a: Snorlax|29/100
|move|p1a: Snorlax|Body Slam|p2a: Druddigon
|-damage|p2a: Druddigon|29/100
|-status|p2a: Druddigon|par
|
|-heal|p1a: Snorlax|35/100|[from] item: Leftovers
|-heal|p2a: Druddigon|35/100 par|[from] item: Leftovers
|upkeep
|turn|7
|
|t:|1636924607
|move|p1a: Snorlax|Body Slam|p2a: Druddigon
|-damage|p2a: Druddigon|0 fnt
|faint|p2a: Druddigon
|
|-heal|p1a: Snorlax|41/100|[from] item: Leftovers
|upkeep
|
|t:|1636924621
|switch|p2a: Mew|Mew|100/100
|turn|8
|
|t:|1636924631
|move|p1a: Snorlax|Protect|p1a: Snorlax
|-singleturn|p1a: Snorlax|Protect
|move|p2a: Mew|Will-O-Wisp|p1a: Snorlax
|-activate|p1a: Snorlax|move: Protect
|
|-heal|p1a: Snorlax|47/100|[from] item: Leftovers
|upkeep
|turn|9
|
|t:|1636924636
|switch|p1a: Zapdos|Zapdos|100/100
|-damage|p1a: Zapdos|76/100|[from] Stealth Rock
|-ability|p1a: Zapdos|Pressure
|move|p2a: Mew|Will-O-Wisp|p1a: Zapdos|[miss]
|-miss|p2a: Mew|p1a: Zapdos
|
|-heal|p1a: Zapdos|82/100|[from] item: Leftovers
|upkeep
|turn|10
|
|t:|1636924644
|move|p1a: Zapdos|Thunderbolt|p2a: Mew
|-damage|p2a: Mew|71/100
|move|p2a: Mew|Will-O-Wisp|p1a: Zapdos
|-status|p1a: Zapdos|brn
|
|-heal|p1a: Zapdos|88/100 brn|[from] item: Leftovers
|-heal|p2a: Mew|77/100|[from] item: Leftovers
|-damage|p1a: Zapdos|76/100 brn|[from] brn
|upkeep
|turn|11
|
|t:|1636924650
|switch|p2a: Roserade|Roserade, F|100/100
|move|p1a: Zapdos|Thunderbolt|p2a: Roserade
|-resisted|p2a: Roserade
|-damage|p2a: Roserade|82/100
|
|-heal|p1a: Zapdos|82/100 brn|[from] item: Leftovers
|-heal|p2a: Roserade|88/100|[from] item: Black Sludge
|-damage|p1a: Zapdos|70/100 brn|[from] brn
|upkeep
|turn|12
|
|t:|1636924655
|move|p1a: Zapdos|Heat Wave|p2a: Roserade
|-supereffective|p2a: Roserade
|-damage|p2a: Roserade|38/100
|move|p2a: Roserade|Spikes|p1a: Zapdos
|-sidestart|p1: Mr.378|Spikes
|
|-heal|p1a: Zapdos|76/100 brn|[from] item: Leftovers
|-heal|p2a: Roserade|44/100|[from] item: Black Sludge
|-damage|p1a: Zapdos|63/100 brn|[from] brn
|upkeep
|turn|13
|
|t:|1636924660
|switch|p2a: Mew|Mew|77/100
|move|p1a: Zapdos|Heat Wave|p2a: Mew
|-damage|p2a: Mew|56/100
|-status|p2a: Mew|brn
|-activate|p2a: Mew|ability: Synchronize
|-fail|p1a: Zapdos|brn
|
|-heal|p1a: Zapdos|70/100 brn|[from] item: Leftovers
|-heal|p2a: Mew|63/100 brn|[from] item: Leftovers
|-damage|p1a: Zapdos|57/100 brn|[from] brn
|-damage|p2a: Mew|50/100 brn|[from] brn
|upkeep
|turn|14
|
|t:|1636924665
|move|p1a: Zapdos|Roost|p1a: Zapdos
|-heal|p1a: Zapdos|100/100 brn
|-singleturn|p1a: Zapdos|move: Roost
|move|p2a: Mew|Soft-Boiled|p2a: Mew
|-heal|p2a: Mew|99/100 brn
|
|-heal|p2a: Mew|100/100 brn|[from] item: Leftovers
|-damage|p1a: Zapdos|88/100 brn|[from] brn
|-damage|p2a: Mew|88/100 brn|[from] brn
|upkeep
|turn|15
|
|t:|1636924670
|move|p1a: Zapdos|Thunderbolt|p2a: Mew
|-damage|p2a: Mew|57/100 brn
|move|p2a: Mew|Will-O-Wisp|p1a: Zapdos
|-fail|p1a: Zapdos|brn
|
|-heal|p1a: Zapdos|94/100 brn|[from] item: Leftovers
|-heal|p2a: Mew|63/100 brn|[from] item: Leftovers
|-damage|p1a: Zapdos|82/100 brn|[from] brn
|-damage|p2a: Mew|50/100 brn|[from] brn
|upkeep
|turn|16
|
|t:|1636924679
|switch|p1a: Weavile|Weavile, F|100/100
|-damage|p1a: Weavile|76/100|[from] Stealth Rock
|-damage|p1a: Weavile|63/100|[from] Spikes
|-ability|p1a: Weavile|Pressure
|move|p2a: Mew|Soft-Boiled|p2a: Mew
|-heal|p2a: Mew|100/100 brn
|
|-damage|p2a: Mew|88/100 brn|[from] brn
|upkeep
|turn|17
|
|t:|1636924683
|move|p1a: Weavile|Swords Dance|p1a: Weavile
|-boost|p1a: Weavile|atk|2
|move|p2a: Mew|Will-O-Wisp|p1a: Weavile|[miss]
|-miss|p2a: Mew|p1a: Weavile
|
|-heal|p2a: Mew|94/100 brn|[from] item: Leftovers
|-damage|p2a: Mew|82/100 brn|[from] brn
|upkeep
|turn|18
|
|t:|1636924691
|move|p1a: Weavile|Swords Dance|p1a: Weavile
|-boost|p1a: Weavile|atk|2
|move|p2a: Mew|Will-O-Wisp|p1a: Weavile|[miss]
|-miss|p2a: Mew|p1a: Weavile
|
|-heal|p2a: Mew|88/100 brn|[from] item: Leftovers
|-damage|p2a: Mew|76/100 brn|[from] brn
|upkeep
|turn|19
|
|t:|1636924703
|move|p1a: Weavile|Swords Dance|p1a: Weavile
|-boost|p1a: Weavile|atk|2
|move|p2a: Mew|Will-O-Wisp|p1a: Weavile
|-status|p1a: Weavile|brn
|-enditem|p1a: Weavile|Lum Berry|[eat]
|-curestatus|p1a: Weavile|brn|[msg]
|
|-heal|p2a: Mew|82/100 brn|[from] item: Leftovers
|-damage|p2a: Mew|70/100 brn|[from] brn
|upkeep
|turn|20
|
|t:|1636924708
|move|p1a: Weavile|Night Slash|p2a: Mew
|-supereffective|p2a: Mew
|-damage|p2a: Mew|0 fnt
|faint|p2a: Mew
|
|upkeep
|
|t:|1636924719
|switch|p2a: Krookodile|Krookodile, F|100/100
|turn|21
|
|t:|1636924721
|move|p1a: Weavile|Ice Shard|p2a: Krookodile
|-supereffective|p2a: Krookodile
|-damage|p2a: Krookodile|0 fnt
|faint|p2a: Krookodile
|
|upkeep
|c|+Beraldinhoo|Perd
|
|t:|1636924724
|switch|p2a: Cofagrigus|Cofagrigus, F|100/100
|turn|22
|
|t:|1636924731
|move|p1a: Weavile|Night Slash|p2a: Cofagrigus
|-supereffective|p2a: Cofagrigus
|-crit|p2a: Cofagrigus
|-damage|p2a: Cofagrigus|0 fnt
|-activate|p2a: Cofagrigus|ability: Mummy|Pressure|[of] p1a: Weavile
|faint|p2a: Cofagrigus
|
|upkeep
|c|☆EternalSnowman|gg
|-message|EternalSnowman forfeited.
|
|win|Mr.378
|c|☆Mr.378|gg
