|inactive|Battle timer is ON: inactive players will automatically lose when time's up.
|t:|1631491864
|gametype|singles
|player|p1|faded love|1|
|player|p2|Finchinator|#finchinator|
|teamsize|p1|6
|teamsize|p2|6
|gen|5
|tier|[Gen 5] UU
|rule|Species Clause: Limit one of each Pokémon
|rule|OHKO Clause: OHKO moves are banned
|rule|Moody Clause: Moody is banned
|rule|Evasion Moves Clause: Evasion moves are banned
|rule|Endless Battle Clause: Forcing endless battles is banned
|rule|HP Percentage Mod: HP is shown in percentages
|rule|Evasion Abilities Clause: Evasion abilities are banned
|rule|Baton Pass Clause: Limit one Baton Passer, can't pass Spe and other stats simultaneously
|rule|Swagger Clause: Swagger is banned
|rule|Sleep Clause Mod: Limit one foe put to sleep
|clearpoke
|poke|p1|Victini|item
|poke|p1|Cofagrigus, F|item
|poke|p1|Gligar, M|item
|poke|p1|Mienshao, F|item
|poke|p1|Blastoise, M|item
|poke|p1|Umbreon, M|item
|poke|p2|Azelf|item
|poke|p2|Nidoqueen, F|item
|poke|p2|Tornadus, M|item
|poke|p2|Kabutops, M|item
|poke|p2|Kingdra, F|item
|poke|p2|Ludicolo, M|item
|teampreview
|c|☆Finchinator|hf
|c|☆faded love|hf
|inactive|faded love has 270 seconds left.
|c|+cherryb0ng|what's this for?
|
|t:|1631491895
|start
|switch|p1a: THE PATH|Gligar, M|100/100
|switch|p2a: Azelf|Azelf|100/100
|turn|1
|
|t:|1631491901
|move|p2a: Azelf|Taunt|p1a: THE PATH
|-start|p1a: THE PATH|move: Taunt
|cant|p1a: THE PATH|move: Taunt|Stealth Rock
|
|upkeep
|turn|2
|c|☆faded love|bwpl
|c|+SBPC !|bwpl
|
|t:|1631491909
|move|p2a: Azelf|Rain Dance|p2a: Azelf
|-weather|RainDance
|move|p1a: THE PATH|U-turn|p2a: Azelf
|-supereffective|p2a: Azelf
|-damage|p2a: Azelf|67/100
|c|+SBPC !|go spinners
|
|t:|1631491926
|switch|p1a: CALIFORNIA|Mienshao, F|100/100|[from]move: U-turn
|
|-weather|RainDance|[upkeep]
|upkeep
|turn|3
|c|+cherryb0ng|is that what I think it is...
|
|t:|1631491937
|switch|p2a: Kabutops|Kabutops, M|100/100
|move|p1a: CALIFORNIA|U-turn|p2a: Kabutops
|-damage|p2a: Kabutops|71/100
|c|+SBPC !|gen 5 premier league
|
|t:|1631491944
|switch|p1a: OCEANIC FEELING|Blastoise, M|100/100|[from]move: U-turn
|
|-weather|RainDance|[upkeep]
|upkeep
|turn|4
|c|+cherryb0ng|I was wondering about the nicks
|
|t:|1631491966
|move|p2a: Kabutops|Swords Dance|p2a: Kabutops
|-boost|p2a: Kabutops|atk|2
|move|p1a: OCEANIC FEELING|Scald|p2a: Kabutops
|-damage|p2a: Kabutops|10/100
|-status|p2a: Kabutops|brn
|
|-weather|RainDance|[upkeep]
|-damage|p2a: Kabutops|0 fnt|[from] brn
|faint|p2a: Kabutops
|upkeep
|
|t:|1631491970
|switch|p2a: Ludicolo|Ludicolo, M|100/100
|turn|5
|c|☆faded love|mb
|
|t:|1631491983
|move|p2a: Ludicolo|Swords Dance|p2a: Ludicolo
|-boost|p2a: Ludicolo|atk|2
|move|p1a: OCEANIC FEELING|Roar|p2a: Ludicolo
|drag|p2a: Kingdra|Kingdra, F|100/100
|
|-weather|RainDance|[upkeep]
|upkeep
|turn|6
|c|☆Finchinator|o k
|
|t:|1631491995
|switch|p1a: MOOD RING|Umbreon, M, shiny|100/100
|move|p2a: Kingdra|Hydro Pump|p1a: MOOD RING
|-damage|p1a: MOOD RING|37/100
|
|-weather|RainDance|[upkeep]
|-heal|p1a: MOOD RING|43/100|[from] item: Leftovers
|upkeep
|turn|7
|
|t:|1631492002
|switch|p2a: Nidoqueen|Nidoqueen, F|100/100
|move|p1a: MOOD RING|Protect||[still]
|-fail|p1a: MOOD RING
|
|-weather|RainDance|[upkeep]
|-heal|p1a: MOOD RING|49/100|[from] item: Leftovers
|upkeep
|turn|8
|
|t:|1631492006
|switch|p1a: SOLAR POWER|Victini|100/100
|move|p2a: Nidoqueen|Taunt|p1a: SOLAR POWER
|-start|p1a: SOLAR POWER|move: Taunt
|
|-weather|RainDance|[upkeep]
|upkeep
|turn|9
|
|t:|1631492009
|move|p1a: SOLAR POWER|Psyshock|p2a: Nidoqueen
|-supereffective|p2a: Nidoqueen
|-damage|p2a: Nidoqueen|0 fnt
|faint|p2a: Nidoqueen
|
|-weather|none
|upkeep
|
|t:|1631492012
|switch|p2a: Azelf|Azelf|67/100
|turn|10
|
|t:|1631492019
|move|p2a: Azelf|Rain Dance|p2a: Azelf
|-weather|RainDance
|move|p1a: SOLAR POWER|Psyshock|p2a: Azelf
|-resisted|p2a: Azelf
|-crit|p2a: Azelf
|-damage|p2a: Azelf|0 fnt
|faint|p2a: Azelf
|
|-weather|RainDance|[upkeep]
|-end|p1a: SOLAR POWER|move: Taunt
|upkeep
|c|☆Finchinator|.
|c|☆Finchinator|this is ridic
|
|t:|1631492033
|switch|p2a: Kingdra|Kingdra, F|100/100
|turn|11
|
|t:|1631492039
|move|p2a: Kingdra|Hydro Pump|p1a: SOLAR POWER
|-supereffective|p1a: SOLAR POWER
|-damage|p1a: SOLAR POWER|0 fnt
|faint|p1a: SOLAR POWER
|
|-weather|RainDance|[upkeep]
|upkeep
|
|t:|1631492060
|switch|p1a: OCEANIC FEELING|Blastoise, M|100/100
|turn|12
|
|t:|1631492066
|move|p2a: Kingdra|Hydro Pump|p1a: OCEANIC FEELING|[miss]
|-miss|p2a: Kingdra|p1a: OCEANIC FEELING
|move|p1a: OCEANIC FEELING|Roar|p2a: Kingdra
|drag|p2a: Tornadus|Tornadus, M|100/100
|
|-weather|RainDance|[upkeep]
|upkeep
|turn|13
|c|☆faded love|jesus
|
|t:|1631492089
|move|p2a: Tornadus|Hurricane|p1a: OCEANIC FEELING
|-damage|p1a: OCEANIC FEELING|42/100
|-start|p1a: OCEANIC FEELING|confusion
|-activate|p1a: OCEANIC FEELING|confusion
|move|p1a: OCEANIC FEELING|Scald|p2a: Tornadus
|-damage|p2a: Tornadus|49/100
|
|-weather|RainDance|[upkeep]
|-heal|p1a: OCEANIC FEELING|48/100|[from] item: Leftovers
|upkeep
|turn|14
|
|t:|1631492098
|switch|p1a: THE PATH|Gligar, M|100/100
|move|p2a: Tornadus|Hurricane|p1a: THE PATH
|-damage|p1a: THE PATH|46/100
|
|-weather|RainDance|[upkeep]
|upkeep
|turn|15
|
|t:|1631492105
|move|p2a: Tornadus|Hurricane|p1a: THE PATH
|-damage|p1a: THE PATH|0 fnt
|faint|p1a: THE PATH
|
|-weather|RainDance|[upkeep]
|upkeep
|
|t:|1631492106
|switch|p1a: BIG STAR|Cofagrigus, F|100/100
|turn|16
|
|t:|1631492112
|move|p2a: Tornadus|Hurricane|p1a: BIG STAR
|-damage|p1a: BIG STAR|38/100
|move|p1a: BIG STAR|Trick Room|p1a: BIG STAR
|-fieldstart|move: Trick Room|[of] p1a: BIG STAR
|
|-weather|RainDance|[upkeep]
|-heal|p1a: BIG STAR|44/100|[from] item: Leftovers
|upkeep
|turn|17
|
|t:|1631492119
|switch|p2a: Kingdra|Kingdra, F|100/100
|move|p1a: BIG STAR|Shadow Ball|p2a: Kingdra
|-damage|p2a: Kingdra|58/100
|
|-weather|none
|-heal|p1a: BIG STAR|50/100|[from] item: Leftovers
|upkeep
|turn|18
|
|t:|1631492128
|move|p1a: BIG STAR|Shadow Ball|p2a: Kingdra
|-damage|p2a: Kingdra|13/100
|move|p2a: Kingdra|Dragon Pulse|p1a: BIG STAR
|-damage|p1a: BIG STAR|0 fnt
|faint|p1a: BIG STAR
|
|upkeep
|
|t:|1631492132
|switch|p1a: MOOD RING|Umbreon, M, shiny|49/100
|turn|19
|
|t:|1631492135
|move|p1a: MOOD RING|Wish|p1a: MOOD RING
|move|p2a: Kingdra|Dragon Pulse|p1a: MOOD RING
|-damage|p1a: MOOD RING|19/100
|
|-heal|p1a: MOOD RING|25/100|[from] item: Leftovers
|upkeep
|turn|20
|
|t:|1631492140
|switch|p2a: Tornadus|Tornadus, M|49/100
|move|p1a: MOOD RING|Foul Play|p2a: Tornadus
|-damage|p2a: Tornadus|5/100
|
|-heal|p1a: MOOD RING|75/100|[from] move: Wish|[wisher] MOOD RING
|-heal|p1a: MOOD RING|81/100|[from] item: Leftovers
|-fieldend|move: Trick Room
|upkeep
|turn|21
|
|t:|1631492145
|move|p2a: Tornadus|Rain Dance|p2a: Tornadus
|-weather|RainDance
|move|p1a: MOOD RING|Wish|p1a: MOOD RING
|
|-weather|RainDance|[upkeep]
|-heal|p1a: MOOD RING|87/100|[from] item: Leftovers
|upkeep
|turn|22
|
|t:|1631492150
|move|p2a: Tornadus|Focus Blast|p1a: MOOD RING
|-supereffective|p1a: MOOD RING
|-damage|p1a: MOOD RING|46/100
|-unboost|p1a: MOOD RING|spd|1
|move|p1a: MOOD RING|Foul Play|p2a: Tornadus
|-damage|p2a: Tornadus|0 fnt
|faint|p2a: Tornadus
|
|-weather|RainDance|[upkeep]
|-heal|p1a: MOOD RING|96/100|[from] move: Wish|[wisher] MOOD RING
|-heal|p1a: MOOD RING|100/100|[from] item: Leftovers
|upkeep
|
|t:|1631492170
|switch|p2a: Ludicolo|Ludicolo, M|100/100
|turn|23
|
|t:|1631492174
|move|p2a: Ludicolo|Waterfall|p1a: MOOD RING
|-damage|p1a: MOOD RING|51/100
|-damage|p2a: Ludicolo|91/100|[from] item: Life Orb
|move|p1a: MOOD RING|Toxic|p2a: Ludicolo
|-status|p2a: Ludicolo|tox
|
|-weather|RainDance|[upkeep]
|-heal|p1a: MOOD RING|57/100|[from] item: Leftovers
|-damage|p2a: Ludicolo|85/100 tox|[from] psn
|upkeep
|turn|24
|
|t:|1631492179
|move|p1a: MOOD RING|Protect|p1a: MOOD RING
|-singleturn|p1a: MOOD RING|Protect
|move|p2a: Ludicolo|Swords Dance|p2a: Ludicolo
|-boost|p2a: Ludicolo|atk|2
|
|-weather|RainDance|[upkeep]
|-heal|p1a: MOOD RING|63/100|[from] item: Leftovers
|-damage|p2a: Ludicolo|73/100 tox|[from] psn
|upkeep
|turn|25
|
|t:|1631492184
|switch|p1a: OCEANIC FEELING|Blastoise, M|48/100
|move|p2a: Ludicolo|Waterfall|p1a: OCEANIC FEELING
|-resisted|p1a: OCEANIC FEELING
|-crit|p1a: OCEANIC FEELING
|-damage|p1a: OCEANIC FEELING|0 fnt
|faint|p1a: OCEANIC FEELING
|-damage|p2a: Ludicolo|63/100 tox|[from] item: Life Orb
|
|-weather|RainDance|[upkeep]
|-damage|p2a: Ludicolo|45/100 tox|[from] psn
|upkeep
|
|t:|1631492186
|switch|p1a: MOOD RING|Umbreon, M, shiny|63/100
|turn|26
|
|t:|1631492189
|move|p1a: MOOD RING|Protect|p1a: MOOD RING
|-singleturn|p1a: MOOD RING|Protect
|move|p2a: Ludicolo|Waterfall|p1a: MOOD RING
|-activate|p1a: MOOD RING|move: Protect
|
|-weather|RainDance|[upkeep]
|-heal|p1a: MOOD RING|69/100|[from] item: Leftovers
|-damage|p2a: Ludicolo|21/100 tox|[from] psn
|upkeep
|turn|27
|
|t:|1631492191
|switch|p1a: CALIFORNIA|Mienshao, F|100/100
|move|p2a: Ludicolo|Waterfall|p1a: CALIFORNIA
|-damage|p1a: CALIFORNIA|0 fnt
|faint|p1a: CALIFORNIA
|-damage|p2a: Ludicolo|11/100 tox|[from] item: Life Orb
|
|-weather|RainDance|[upkeep]
|-damage|p2a: Ludicolo|0 fnt|[from] psn
|faint|p2a: Ludicolo
|upkeep
|
|t:|1631492196
|switch|p1a: MOOD RING|Umbreon, M, shiny|69/100
|switch|p2a: Kingdra|Kingdra, F|13/100
|turn|28
|c|☆Finchinator|all of the miss, burn, and crit mattered
|c|☆Finchinator|;_;
|c|☆faded love|gg, no matter what happens
|c|☆faded love|Sorry
|
|t:|1631492221
|move|p1a: MOOD RING|Protect|p1a: MOOD RING
|-singleturn|p1a: MOOD RING|Protect
|move|p2a: Kingdra|Draco Meteor|p1a: MOOD RING
|-activate|p1a: MOOD RING|move: Protect
|
|-weather|none
|-heal|p1a: MOOD RING|75/100|[from] item: Leftovers
|upkeep
|turn|29
|c|☆faded love|for the luck
|
|t:|1631492226
|move|p2a: Kingdra|Draco Meteor|p1a: MOOD RING
|-damage|p1a: MOOD RING|27/100
|-unboost|p2a: Kingdra|spa|2
|move|p1a: MOOD RING|Foul Play|p2a: Kingdra
|-damage|p2a: Kingdra|0 fnt
|faint|p2a: Kingdra
|
|win|faded love
|c|☆Finchinator|so dumb
|c|☆Finchinator|legit 1%
|c|☆Finchinator|lol
|c|☆Finchinator|gg
