|inactive|Battle timer is ON: inactive players will automatically lose when time's up.
|t:|1630432017
|gametype|singles
|player|p1|Heysup|chuck|
|player|p2|F i l l e|102|
|teamsize|p1|6
|teamsize|p2|6
|gen|5
|tier|[Gen 5] LC
|rule|Species Clause: Limit one of each Pokémon
|rule|OHKO Clause: OHKO moves are banned
|rule|Moody Clause: Moody is banned
|rule|Evasion Moves Clause: Evasion moves are banned
|rule|Endless Battle Clause: Forcing endless battles is banned
|rule|HP Percentage Mod: HP is shown in percentages
|rule|Sleep Clause: Sleep-inducing moves are banned
|clearpoke
|poke|p1|Staryu, L5|item
|poke|p1|Snivy, L5, F|item
|poke|p1|Bronzor, L5|item
|poke|p1|Axew, L5, M|item
|poke|p1|Bagon, L5, F|item
|poke|p1|Clamperl, L5, F|item
|poke|p2|Omanyte, L5, F|item
|poke|p2|Mienfoo, L5, F|item
|poke|p2|Diglett, L5, M|item
|poke|p2|Porygon, L5|item
|poke|p2|Gastly, L5, F|item
|poke|p2|Carvanha, L5, M|item
|teampreview
|c|☆F i l l e|hf
|c|+Wail Wailord|is this lpl
|c|☆Heysup|its spl 20
|inactive|Heysup has 270 seconds left.
|
|t:|1630432053
|start
|switch|p1a: Staryu|Staryu, L5|100/100
|switch|p2a: Omanyte|Omanyte, L5, F|100/100
|turn|1
|c|+Wail Wailord|._.
|c|+avarice|LETS GO FILLE
|c|+Ahmad Alfatih|BWPL wail
|inactive|F i l l e has 270 seconds left.
|c|+067jox|LETS GOOO FILLE
|
|t:|1630432087
|move|p1a: Staryu|Thunder Wave|p2a: Omanyte
|-status|p2a: Omanyte|par
|move|p2a: Omanyte|Knock Off|p1a: Staryu
|-damage|p1a: Staryu|96/100
|-enditem|p1a: Staryu|Light Clay|[from] move: Knock Off|[of] p2a: Omanyte
|
|upkeep
|turn|2
|c|+Wail Wailord|ah
|c|+Wail Wailord|i c
|c|+Ahmad Alfatih|Bom dia Jox
|
|t:|1630432097
|move|p1a: Staryu|Light Screen|p1a: Staryu
|-sidestart|p1: Heysup|move: Light Screen
|move|p2a: Omanyte|Toxic Spikes|p1a: Staryu
|-sidestart|p1: Heysup|move: Toxic Spikes
|
|upkeep
|turn|3
|
|t:|1630432100
|move|p1a: Staryu|Reflect|p1a: Staryu
|-sidestart|p1: Heysup|Reflect
|cant|p2a: Omanyte|par
|
|upkeep
|turn|4
|
|t:|1630432106
|move|p1a: Staryu|Rapid Spin|p2a: Omanyte
|-resisted|p2a: Omanyte
|-damage|p2a: Omanyte|96/100 par
|-ability|p2a: Omanyte|Weak Armor|boost
|-unboost|p2a: Omanyte|def|1
|-boost|p2a: Omanyte|spe|1
|-sideend|p1: Heysup|Toxic Spikes|[from] move: Rapid Spin|[of] p1a: Staryu
|move|p2a: Omanyte|Knock Off|p1a: Staryu
|-damage|p1a: Staryu|96/100
|
|upkeep
|turn|5
|
|t:|1630432118
|switch|p1a: Axew|Axew, L5, M|100/100
|-ability|p1a: Axew|Mold Breaker
|move|p2a: Omanyte|Toxic Spikes|p1a: Axew
|-sidestart|p1: Heysup|move: Toxic Spikes
|
|upkeep
|turn|6
|
|t:|1630432140
|switch|p2a: Porygon|Porygon, L5|100/100
|-ability|p2a: Porygon|Mold Breaker|[from] ability: Trace|[of] p1a: Axew
|-ability|p2a: Porygon|Mold Breaker
|move|p1a: Axew|Substitute|p1a: Axew
|-start|p1a: Axew|Substitute
|-damage|p1a: Axew|79/100
|
|-sideend|p1: Heysup|move: Light Screen
|upkeep
|turn|7
|
|t:|1630432143
|move|p1a: Axew|Dragon Dance|p1a: Axew
|-boost|p1a: Axew|atk|1
|-boost|p1a: Axew|spe|1
|move|p2a: Porygon|Tri Attack|p1a: Axew
|-end|p1a: Axew|Substitute
|
|-sideend|p1: Heysup|Reflect
|upkeep
|turn|8
|
|t:|1630432153
|move|p1a: Axew|Substitute|p1a: Axew
|-start|p1a: Axew|Substitute
|-damage|p1a: Axew|57/100
|move|p2a: Porygon|Tri Attack|p1a: Axew
|-end|p1a: Axew|Substitute
|
|upkeep
|turn|9
|
|t:|1630432159
|move|p1a: Axew|Substitute|p1a: Axew
|-start|p1a: Axew|Substitute
|-damage|p1a: Axew|35/100
|-enditem|p1a: Axew|Oran Berry|[eat]
|-heal|p1a: Axew|79/100|[from] item: Oran Berry
|move|p2a: Porygon|Tri Attack|p1a: Axew
|-end|p1a: Axew|Substitute
|
|upkeep
|turn|10
|
|t:|1630432165
|move|p1a: Axew|Superpower|p2a: Porygon
|-supereffective|p2a: Porygon
|-damage|p2a: Porygon|4/100
|-unboost|p1a: Axew|atk|1
|-unboost|p1a: Axew|def|1
|move|p2a: Porygon|Tri Attack|p1a: Axew
|-damage|p1a: Axew|22/100
|
|upkeep
|turn|11
|
|t:|1630432174
|move|p1a: Axew|Dual Chop|p2a: Porygon
|-damage|p2a: Porygon|0 fnt
|faint|p2a: Porygon
|-hitcount|p2: Porygon|1
|
|upkeep
|
|t:|1630432180
|switch|p2a: Mienfoo|Mienfoo, L5, F|100/100
|turn|12
|
|t:|1630432190
|switch|p1a: Staryu|Staryu, L5|96/100
|-status|p1a: Staryu|psn
|move|p2a: Mienfoo|U-turn|p1a: Staryu
|-damage|p1a: Staryu|64/100 psn
|
|t:|1630432199
|switch|p2a: Diglett|Diglett, L5, M|100/100|[from]move: U-turn
|
|-damage|p1a: Staryu|55/100 psn|[from] psn
|upkeep
|turn|13
|
|t:|1630432205
|move|p2a: Diglett|Earthquake|p1a: Staryu
|-damage|p1a: Staryu|0 fnt
|faint|p1a: Staryu
|-damage|p2a: Diglett|95/100|[from] item: Life Orb
|
|upkeep
|
|t:|1630432212
|switch|p1a: Bronzor|Bronzor, L5|100/100
|turn|14
|
|t:|1630432222
|switch|p2a: Mienfoo|Mienfoo, L5, F|100/100
|move|p1a: Bronzor|Stealth Rock|p2a: Mienfoo
|-sidestart|p2: F i l l e|move: Stealth Rock
|
|upkeep
|turn|15
|
|t:|1630432228
|move|p2a: Mienfoo|Knock Off|p1a: Bronzor
|-damage|p1a: Bronzor|92/100
|-enditem|p1a: Bronzor|Light Clay|[from] move: Knock Off|[of] p2a: Mienfoo
|move|p1a: Bronzor|Reflect|p1a: Bronzor
|-sidestart|p1: Heysup|Reflect
|
|upkeep
|turn|16
|
|t:|1630432242
|move|p2a: Mienfoo|High Jump Kick|p1a: Bronzor
|-damage|p1a: Bronzor|60/100
|move|p1a: Bronzor|Light Screen|p1a: Bronzor
|-sidestart|p1: Heysup|move: Light Screen
|
|upkeep
|turn|17
|
|t:|1630432251
|switch|p1a: Axew|Axew, L5, M|22/100
|-status|p1a: Axew|psn
|-ability|p1a: Axew|Mold Breaker
|move|p2a: Mienfoo|High Jump Kick|p1a: Axew|[miss]
|-miss|p2a: Mienfoo|p1a: Axew
|-damage|p2a: Mienfoo|53/100|[from] highjumpkick
|
|-damage|p1a: Axew|14/100 psn|[from] psn
|upkeep
|turn|18
|
|t:|1630432257
|move|p2a: Mienfoo|U-turn|p1a: Axew
|-damage|p1a: Axew|0 fnt
|faint|p1a: Axew
|
|t:|1630432262
|switch|p2a: Diglett|Diglett, L5, M|95/100|[from]move: U-turn
|-damage|p2a: Diglett|89/100|[from] Stealth Rock
|
|upkeep
|inactive|Heysup has 270 seconds left.
|
|t:|1630432297
|switch|p1a: Snivy|Snivy, L5, F|100/100
|-status|p1a: Snivy|psn
|turn|19
|
|t:|1630432314
|switch|p2a: Gastly|Gastly, L5, F|100/100
|-damage|p2a: Gastly|91/100|[from] Stealth Rock
|move|p1a: Snivy|Calm Mind|p1a: Snivy
|-boost|p1a: Snivy|spa|1
|-boost|p1a: Snivy|spd|1
|
|-damage|p1a: Snivy|91/100 psn|[from] psn
|-sideend|p1: Heysup|Reflect
|upkeep
|turn|20
|c|+067jox|.
|c|☆F i l l e|Contrary is unreleased
|c|☆F i l l e|in gen 5
|inactive|Heysup has 270 seconds left.
|c|+Wail Wailord|jox ofc knew that
|c|☆F i l l e|oright
|c|☆F i l l e|so he was also like me
|c|☆F i l l e|wondering why this aint coil
|
|t:|1630432364
|move|p2a: Gastly|Sludge Bomb|p1a: Snivy
|-supereffective|p1a: Snivy
|-damage|p1a: Snivy|58/100 psn
|move|p1a: Snivy|Glare|p2a: Gastly
|-status|p2a: Gastly|par
|
|-damage|p1a: Snivy|48/100 psn|[from] psn
|-sideend|p1: Heysup|move: Light Screen
|upkeep
|turn|21
|inactive|F i l l e has 270 seconds left.
|
|t:|1630432394
|move|p1a: Snivy|Giga Drain|p2a: Gastly
|-resisted|p2a: Gastly
|-damage|p2a: Gastly|62/100 par
|-heal|p1a: Snivy|62/100 psn|[from] drain|[of] p2a: Gastly
|cant|p2a: Gastly|par
|
|-damage|p1a: Snivy|53/100 psn|[from] psn
|upkeep
|turn|22
|c|+Ahmad Alfatih|No sabia
|c|+Ahmad Alfatih|- Fille el jefe de BWLC
|
|t:|1630432413
|move|p1a: Snivy|Giga Drain|p2a: Gastly
|-resisted|p2a: Gastly
|-damage|p2a: Gastly|34/100 par
|-heal|p1a: Snivy|67/100 psn|[from] drain|[of] p2a: Gastly
|move|p2a: Gastly|Shadow Ball|p1a: Snivy
|-damage|p1a: Snivy|39/100 psn
|
|-damage|p1a: Snivy|29/100 psn|[from] psn
|upkeep
|turn|23
|inactive|F i l l e has 270 seconds left.
|inactive|Heysup has 240 seconds left.
|inactive|Heysup has 210 seconds left.
|inactive|Heysup has 180 seconds left.
|inactive|Heysup has 150 seconds left.
|
|t:|1630432549
|move|p1a: Snivy|Glare|p2a: Gastly
|-fail|p2a: Gastly|par
|cant|p2a: Gastly|par
|
|-damage|p1a: Snivy|20/100 psn|[from] psn
|upkeep
|turn|24
|inactive|F i l l e has 270 seconds left.
|
|t:|1630432566
|switch|p2a: Mienfoo|Mienfoo, L5, F|83/100
|-damage|p2a: Mienfoo|79/100|[from] Stealth Rock
|move|p1a: Snivy|Calm Mind|p1a: Snivy
|-boost|p1a: Snivy|spa|1
|-boost|p1a: Snivy|spd|1
|
|-damage|p1a: Snivy|10/100 psn|[from] psn
|upkeep
|turn|25
|
|t:|1630432570
|move|p1a: Snivy|Giga Drain|p2a: Mienfoo
|-damage|p2a: Mienfoo|0 fnt
|-heal|p1a: Snivy|53/100 psn|[from] drain|[of] p2a: Mienfoo
|faint|p2a: Mienfoo
|
|-damage|p1a: Snivy|43/100 psn|[from] psn
|upkeep
|inactive|F i l l e has 270 seconds left.
|inactive|F i l l e has 240 seconds left.
|inactive|F i l l e has 210 seconds left.
|
|t:|1630432665
|switch|p2a: Diglett|Diglett, L5, M|89/100
|-damage|p2a: Diglett|84/100|[from] Stealth Rock
|turn|26
|
|t:|1630432667
|move|p2a: Diglett|Protect|p2a: Diglett
|-singleturn|p2a: Diglett|Protect
|move|p1a: Snivy|Giga Drain|p2a: Diglett
|-activate|p2a: Diglett|move: Protect
|
|-damage|p1a: Snivy|34/100 psn|[from] psn
|upkeep
|turn|27
|
|t:|1630432670
|move|p2a: Diglett|Substitute|p2a: Diglett
|-start|p2a: Diglett|Substitute
|-damage|p2a: Diglett|62/100
|move|p1a: Snivy|Giga Drain|p2a: Diglett
|-supereffective|p2a: Diglett
|-end|p2a: Diglett|Substitute
|-heal|p1a: Snivy|43/100 psn|[from] drain|[of] p2a: Diglett
|
|-damage|p1a: Snivy|34/100 psn|[from] psn
|upkeep
|turn|28
|
|t:|1630432676
|move|p2a: Diglett|Protect|p2a: Diglett
|-singleturn|p2a: Diglett|Protect
|move|p1a: Snivy|Calm Mind|p1a: Snivy
|-boost|p1a: Snivy|spa|1
|-boost|p1a: Snivy|spd|1
|
|-damage|p1a: Snivy|24/100 psn|[from] psn
|upkeep
|turn|29
|inactive|F i l l e has 210 seconds left.
|
|t:|1630432703
|move|p2a: Diglett|Substitute|p2a: Diglett
|-start|p2a: Diglett|Substitute
|-damage|p2a: Diglett|39/100
|move|p1a: Snivy|Giga Drain|p2a: Diglett
|-supereffective|p2a: Diglett
|-end|p2a: Diglett|Substitute
|-heal|p1a: Snivy|34/100 psn|[from] drain|[of] p2a: Diglett
|
|-damage|p1a: Snivy|24/100 psn|[from] psn
|upkeep
|turn|30
|
|t:|1630432712
|move|p2a: Diglett|Protect|p2a: Diglett
|-singleturn|p2a: Diglett|Protect
|move|p1a: Snivy|Giga Drain|p2a: Diglett
|-activate|p2a: Diglett|move: Protect
|
|-damage|p1a: Snivy|15/100 psn|[from] psn
|upkeep
|turn|31
|
|t:|1630432715
|move|p2a: Diglett|Earthquake|p1a: Snivy
|-resisted|p1a: Snivy
|-crit|p1a: Snivy
|-damage|p1a: Snivy|0 fnt
|faint|p1a: Snivy
|-damage|p2a: Diglett|34/100|[from] item: Life Orb
|
|upkeep
|c|+067jox|fille sand isnt up
|c|+067jox|you cant sandveil
|
|t:|1630432725
|switch|p1a: Bronzor|Bronzor, L5|60/100
|turn|32
|
|t:|1630432749
|switch|p2a: Carvanha|Carvanha, L5, M|100/100
|-damage|p2a: Carvanha|91/100|[from] Stealth Rock
|move|p1a: Bronzor|Reflect|p1a: Bronzor
|-sidestart|p1: Heysup|Reflect
|
|upkeep
|turn|33
|inactive|Heysup has 180 seconds left.
|inactive|F i l l e has 210 seconds left.
|
|t:|1630432806
|move|p2a: Carvanha|Hidden Power|p1a: Bronzor
|-supereffective|p1a: Bronzor
|-crit|p1a: Bronzor
|-damage|p1a: Bronzor|0 fnt
|faint|p1a: Bronzor
|-damage|p2a: Carvanha|81/100|[from] item: Life Orb
|
|upkeep
|
|t:|1630432814
|switch|p1a: Clamperl|Clamperl, L5, F|100/100
|-status|p1a: Clamperl|psn
|turn|34
|c|☆F i l l e|o
|c|+Wail Wailord|yo
|c|+067jox|for pawniard?
|c|☆F i l l e|LOLOLOLOLOLOLOLOLOL
|c|☆F i l l e|I FORGOT
|c|☆F i l l e|SPEED BOOST
|c|+Wail Wailord|what the hell
|inactive|F i l l e has 180 seconds left.
|c|+Wail Wailord|fille...
|inactive|Heysup has 150 seconds left.
|c|+watashi|thats rough
|c|+067jox|its nice resisting both pawnaird stabs and get some chip in 
|c|+dcae|lol ur carvs completely fucked up ivs too
|c|☆F i l l e|yep
|c|+avarice|LOLOL
|c|☆Heysup|does it rly matter tho
|c|☆F i l l e|idk why this happened
|inactive|Heysup has 120 seconds left.
|c|☆F i l l e|the IVs
|c|☆F i l l e|I had them
|c|+Boulicrok|foat
|c|☆F i l l e|perfect
|c|+dcae|just click the x button 
|c|☆F i l l e|lmao
|c|☆F i l l e|jox
|c|☆F i l l e|show the screenshot
|c|☆F i l l e|smfh
|c|+067jox|sure
|inactive|Heysup has 90 seconds left.
|
|t:|1630432907
|move|p2a: Carvanha|Dark Pulse|p1a: Clamperl
|-damage|p1a: Clamperl|10/100 psn
|-damage|p2a: Carvanha|72/100|[from] item: Life Orb
|move|p1a: Clamperl|Surf|p2a: Carvanha
|-resisted|p2a: Carvanha
|-damage|p2a: Carvanha|0 fnt
|faint|p2a: Carvanha
|
|-damage|p1a: Clamperl|0 fnt|[from] psn
|faint|p1a: Clamperl
|upkeep
|inactive|F i l l e has 150 seconds left.
|
|t:|1630432927
|switch|p2a: Diglett|Diglett, L5, M|34/100
|switch|p1a: Bagon|Bagon, L5, F|100/100
|-damage|p2a: Diglett|28/100|[from] Stealth Rock
|-status|p1a: Bagon|psn
|turn|35
|inactive|F i l l e has 150 seconds left.
|inactive|Heysup has 90 seconds left.
|
|t:|1630432959
|move|p2a: Diglett|Substitute|p2a: Diglett
|-start|p2a: Diglett|Substitute
|-damage|p2a: Diglett|6/100
|move|p1a: Bagon|Fire Blast|p2a: Diglett|[miss]
|-miss|p1a: Bagon|p2a: Diglett
|
|-damage|p1a: Bagon|91/100 psn|[from] psn
|upkeep
|turn|36
|c|☆Heysup|.-.
|c|+Wail Wailord|lmao
|
|t:|1630432967
|move|p2a: Diglett|Protect|p2a: Diglett
|-singleturn|p2a: Diglett|Protect
|move|p1a: Bagon|Dragon Dance|p1a: Bagon
|-boost|p1a: Bagon|atk|1
|-boost|p1a: Bagon|spe|1
|
|-damage|p1a: Bagon|81/100 psn|[from] psn
|-sideend|p1: Heysup|Reflect
|upkeep
|turn|37
|
|t:|1630432971
|move|p1a: Bagon|Fire Blast|p2a: Diglett
|-end|p2a: Diglett|Substitute
|move|p2a: Diglett|Earthquake|p1a: Bagon
|-damage|p1a: Bagon|0 fnt
|faint|p1a: Bagon
|-damage|p2a: Diglett|0 fnt|[from] item: Life Orb
|faint|p2a: Diglett
|
|win|F i l l e
