|inactive|Battle timer is ON: inactive players will automatically lose when time's up.
|t:|1644167466
|gametype|singles
|player|p1|Hockey1|#wcop2020uswest|
|player|p2|brewfasa|jasmine|
|teamsize|p1|6
|teamsize|p2|6
|gen|5
|tier|[Gen 5] LC
|rule|Species Clause: Limit one of each Pokémon
|rule|OHKO Clause: OHKO moves are banned
|rule|Moody Clause: Moody is banned
|rule|Evasion Moves Clause: Evasion moves are banned
|rule|Endless Battle Clause: Forcing endless battles is banned
|rule|HP Percentage Mod: HP is shown in percentages
|rule|Sleep Clause: Sleep-inducing moves are banned
|clearpoke
|poke|p1|Mienfoo, L5, M|item
|poke|p1|Budew, L5, M|item
|poke|p1|Frillish, L5, F|item
|poke|p1|Carvanha, L5, M|item
|poke|p1|Hippopotas, L5, F|item
|poke|p1|Stunky, L5, F|item
|poke|p2|Hippopotas, L5, F|item
|poke|p2|Ferroseed, L5, M|item
|poke|p2|Frillish, L5, F|item
|poke|p2|Mienfoo, L5, F|item
|poke|p2|Drifloon, L5, M|item
|poke|p2|Carvanha, L5, F|item
|teampreview
|c|☆brewfasa|gl
|c|☆Hockey1|u2
|inactive|Hockey1 has 270 seconds left.
|inactive|brewfasa has 270 seconds left.
|inactive|Hockey1 has 240 seconds left.
|inactive|Hockey1 has 210 seconds left.
|
|t:|1644167572
|start
|switch|p1a: Frillish|Frillish, L5, F|100/100
|switch|p2a: Frillish|Frillish, L5, F|100/100
|turn|1
|inactive|Hockey1 has 240 seconds left.
|
|t:|1644167599
|move|p2a: Frillish|Trick|p1a: Frillish
|-activate|p2a: Frillish|move: Trick|[of] p1a: Frillish
|-item|p1a: Frillish|Choice Scarf|[from] move: Trick
|-item|p2a: Frillish|Eviolite|[from] move: Trick
|move|p1a: Frillish|Will-O-Wisp|p2a: Frillish
|-status|p2a: Frillish|brn
|
|-damage|p2a: Frillish|92/100 brn|[from] brn
|upkeep
|turn|2
|inactive|Hockey1 has 240 seconds left.
|inactive|Hockey1 has 210 seconds left.
|
|t:|1644167651
|switch|p1a: Budew|Budew, L5, M|100/100
|move|p2a: Frillish|Shadow Ball|p1a: Budew
|-damage|p1a: Budew|70/100
|
|-damage|p2a: Frillish|83/100 brn|[from] brn
|upkeep
|turn|3
|inactive|Hockey1 has 210 seconds left.
|
|t:|1644167664
|switch|p2a: Drifloon|Drifloon, L5, M|100/100
|move|p1a: Budew|Spikes|p2a: Drifloon
|-sidestart|p2: brewfasa|Spikes
|
|upkeep
|turn|4
|
|t:|1644167671
|switch|p1a: Hippopotas|Hippopotas, L5, F|100/100
|-weather|Sandstorm|[from] ability: Sand Stream|[of] p1a: Hippopotas
|move|p2a: Drifloon|Will-O-Wisp|p1a: Hippopotas
|-status|p1a: Hippopotas|brn
|
|-weather|Sandstorm|[upkeep]
|-damage|p2a: Drifloon|96/100|[from] Sandstorm
|-damage|p1a: Hippopotas|88/100 brn|[from] brn
|upkeep
|turn|5
|inactive|Hockey1 has 210 seconds left.
|
|t:|1644167699
|switch|p2a: Ferroseed|Ferroseed, L5, M|100/100
|-damage|p2a: Ferroseed|91/100|[from] Spikes
|move|p1a: Hippopotas|Slack Off|p1a: Hippopotas
|-heal|p1a: Hippopotas|100/100 brn
|
|-weather|Sandstorm|[upkeep]
|-damage|p1a: Hippopotas|88/100 brn|[from] brn
|upkeep
|turn|6
|
|t:|1644167722
|switch|p1a: Budew|Budew, L5, M|70/100
|move|p2a: Ferroseed|Spikes|p1a: Budew
|-sidestart|p1: Hockey1|Spikes
|
|-weather|Sandstorm|[upkeep]
|-damage|p1a: Budew|66/100|[from] Sandstorm
|upkeep
|turn|7
|
|t:|1644167746
|switch|p2a: Mienfoo|Mienfoo, L5, F|100/100
|-damage|p2a: Mienfoo|92/100|[from] Spikes
|move|p1a: Budew|Spikes|p2a: Mienfoo
|-sidestart|p2: brewfasa|Spikes
|
|-weather|Sandstorm|[upkeep]
|-damage|p2a: Mienfoo|87/100|[from] Sandstorm
|-damage|p1a: Budew|61/100|[from] Sandstorm
|upkeep
|turn|8
|
|t:|1644167755
|switch|p1a: Frillish|Frillish, L5, F|100/100
|-damage|p1a: Frillish|88/100|[from] Spikes
|move|p2a: Mienfoo|U-turn|p1a: Frillish
|-resisted|p1a: Frillish
|-damage|p1a: Frillish|75/100
|
|t:|1644167761
|switch|p2a: Carvanha|Carvanha, L5, F|100/100|[from]move: U-turn
|-damage|p2a: Carvanha|85/100|[from] Spikes
|
|-weather|Sandstorm|[upkeep]
|-damage|p1a: Frillish|71/100|[from] Sandstorm
|-damage|p2a: Carvanha|79/100|[from] Sandstorm
|upkeep
|turn|9
|inactive|Hockey1 has 210 seconds left.
|inactive|Hockey1 has 180 seconds left.
|inactive|Hockey1 has 150 seconds left.
|inactive|Hockey1 has 120 seconds left.
|
|t:|1644167872
|move|p1a: Frillish|Scald|p2a: Carvanha
|-resisted|p2a: Carvanha
|-damage|p2a: Carvanha|37/100
|-status|p2a: Carvanha|brn
|move|p2a: Carvanha|Dark Pulse|p1a: Frillish
|-supereffective|p1a: Frillish
|-damage|p1a: Frillish|0 fnt
|faint|p1a: Frillish
|-damage|p2a: Carvanha|32/100 brn|[from] item: Life Orb
|
|-weather|Sandstorm|[upkeep]
|-damage|p2a: Carvanha|27/100 brn|[from] Sandstorm
|-damage|p2a: Carvanha|16/100 brn|[from] brn
|-ability|p2a: Carvanha|Speed Boost|boost
|-boost|p2a: Carvanha|spe|1
|upkeep
|inactive|Hockey1 has 90 seconds left.
|inactive|Hockey1 has 60 seconds left.
|
|t:|1644167929
|switch|p1a: Mienfoo|Mienfoo, L5, M|100/100
|-damage|p1a: Mienfoo|92/100|[from] Spikes
|turn|10
|
|t:|1644167936
|switch|p2a: Drifloon|Drifloon, L5, M|96/100
|move|p1a: Mienfoo|Fake Out|p2a: Drifloon
|-immune|p2a: Drifloon
|
|-weather|Sandstorm|[upkeep]
|-damage|p2a: Drifloon|92/100|[from] Sandstorm
|-damage|p1a: Mienfoo|87/100|[from] Sandstorm
|upkeep
|turn|11
|
|t:|1644167945
|switch|p1a: Hippopotas|Hippopotas, L5, F|88/100 brn
|-damage|p1a: Hippopotas|76/100 brn|[from] Spikes
|move|p2a: Drifloon|Acrobatics|p1a: Hippopotas
|-enditem|p2a: Drifloon|Flying Gem|[from] gem
|-damage|p1a: Hippopotas|29/100 brn
|
|-weather|Sandstorm|[upkeep]
|-damage|p2a: Drifloon|88/100|[from] Sandstorm
|-damage|p1a: Hippopotas|16/100 brn|[from] brn
|upkeep
|turn|12
|
|t:|1644167958
|move|p2a: Drifloon|Acrobatics|p1a: Hippopotas
|-damage|p1a: Hippopotas|0 fnt
|faint|p1a: Hippopotas
|
|-weather|Sandstorm|[upkeep]
|-damage|p2a: Drifloon|84/100|[from] Sandstorm
|upkeep
|
|t:|1644167959
|switch|p1a: Stunky|Stunky, L5, F|100/100
|-damage|p1a: Stunky|92/100|[from] Spikes
|turn|13
|inactive|Hockey1 has 90 seconds left.
|
|t:|1644167992
|move|p2a: Drifloon|Will-O-Wisp|p1a: Stunky
|-status|p1a: Stunky|brn
|move|p1a: Stunky|Pursuit|p2a: Drifloon
|-supereffective|p2a: Drifloon
|-damage|p2a: Drifloon|48/100
|-damage|p1a: Stunky|83/100 brn|[from] item: Life Orb
|
|-weather|Sandstorm|[upkeep]
|-damage|p2a: Drifloon|44/100|[from] Sandstorm
|-damage|p1a: Stunky|79/100 brn|[from] Sandstorm
|-damage|p1a: Stunky|70/100 brn|[from] brn
|upkeep
|turn|14
|
|t:|1644168013
|move|p1a: Stunky|Sucker Punch||[still]
|-fail|p1a: Stunky
|move|p2a: Drifloon|Pain Split|p1a: Stunky
|-sethp|p1a: Stunky|57/100 brn|[from] move: Pain Split|[silent]
|-sethp|p2a: Drifloon|52/100|[from] move: Pain Split
|
|-weather|Sandstorm|[upkeep]
|-damage|p2a: Drifloon|48/100|[from] Sandstorm
|-damage|p1a: Stunky|53/100 brn|[from] Sandstorm
|-damage|p1a: Stunky|44/100 brn|[from] brn
|upkeep
|turn|15
|inactive|Hockey1 has 60 seconds left.
|
|t:|1644168031
|move|p2a: Drifloon|Sucker Punch|p1a: Stunky
|-resisted|p1a: Stunky
|-damage|p1a: Stunky|22/100 brn
|move|p1a: Stunky|Fire Blast|p2a: Drifloon|[miss]
|-miss|p1a: Stunky|p2a: Drifloon
|
|-weather|Sandstorm|[upkeep]
|-damage|p2a: Drifloon|44/100|[from] Sandstorm
|-damage|p1a: Stunky|18/100 brn|[from] Sandstorm
|-damage|p1a: Stunky|9/100 brn|[from] brn
|upkeep
|turn|16
|
|t:|1644168040
|move|p2a: Drifloon|Sucker Punch|p1a: Stunky
|-resisted|p1a: Stunky
|-damage|p1a: Stunky|0 fnt
|-damage|p2a: Drifloon|20/100|[from] ability: Aftermath|[of] p1a: Stunky
|faint|p1a: Stunky
|
|-weather|Sandstorm|[upkeep]
|-damage|p2a: Drifloon|16/100|[from] Sandstorm
|upkeep
|
|t:|1644168048
|switch|p1a: Carvanha|Carvanha, L5, M|100/100
|-damage|p1a: Carvanha|90/100|[from] Spikes
|turn|17
|
|t:|1644168052
|move|p1a: Carvanha|Protect|p1a: Carvanha
|-singleturn|p1a: Carvanha|Protect
|move|p2a: Drifloon|Acrobatics|p1a: Carvanha
|-activate|p1a: Carvanha|move: Protect
|
|-weather|Sandstorm|[upkeep]
|-damage|p2a: Drifloon|12/100|[from] Sandstorm
|-damage|p1a: Carvanha|85/100|[from] Sandstorm
|-ability|p1a: Carvanha|Speed Boost|boost
|-boost|p1a: Carvanha|spe|1
|upkeep
|turn|18
|
|t:|1644168069
|move|p1a: Carvanha|Protect|p1a: Carvanha
|-singleturn|p1a: Carvanha|Protect
|move|p2a: Drifloon|Acrobatics|p1a: Carvanha
|-activate|p1a: Carvanha|move: Protect
|
|-weather|Sandstorm|[upkeep]
|-damage|p2a: Drifloon|8/100|[from] Sandstorm
|-damage|p1a: Carvanha|79/100|[from] Sandstorm
|-ability|p1a: Carvanha|Speed Boost|boost
|-boost|p1a: Carvanha|spe|1
|upkeep
|turn|19
|
|t:|1644168092
|switch|p1a: Budew|Budew, L5, M|61/100
|-damage|p1a: Budew|53/100|[from] Spikes
|switch|p2a: Carvanha|Carvanha, L5, F|16/100 brn
|-damage|p2a: Carvanha|0 fnt|[from] Spikes
|faint|p2a: Carvanha
|
|-weather|Sandstorm|[upkeep]
|-damage|p1a: Budew|48/100|[from] Sandstorm
|upkeep
|inactive|brewfasa has 270 seconds left.
|
|t:|1644168124
|switch|p2a: Drifloon|Drifloon, L5, M|8/100
|turn|20
|
|t:|1644168140
|move|p2a: Drifloon|Acrobatics|p1a: Budew
|-supereffective|p1a: Budew
|-damage|p1a: Budew|0 fnt
|faint|p1a: Budew
|
|-weather|Sandstorm|[upkeep]
|-damage|p2a: Drifloon|4/100|[from] Sandstorm
|upkeep
|
|t:|1644168143
|switch|p1a: Carvanha|Carvanha, L5, M|79/100
|-damage|p1a: Carvanha|69/100|[from] Spikes
|turn|21
|inactive|brewfasa has 240 seconds left.
|
|t:|1644168179
|switch|p2a: Ferroseed|Ferroseed, L5, M|91/100
|-damage|p2a: Ferroseed|77/100|[from] Spikes
|move|p1a: Carvanha|Protect||[still]
|-fail|p1a: Carvanha
|
|-weather|Sandstorm|[upkeep]
|-damage|p1a: Carvanha|64/100|[from] Sandstorm
|-ability|p1a: Carvanha|Speed Boost|boost
|-boost|p1a: Carvanha|spe|1
|upkeep
|turn|22
|inactive|brewfasa has 240 seconds left.
|
|t:|1644168192
|switch|p1a: Mienfoo|Mienfoo, L5, M|100/100
|-damage|p1a: Mienfoo|92/100|[from] Spikes
|move|p2a: Ferroseed|Giga Drain|p1a: Mienfoo
|-damage|p1a: Mienfoo|66/100
|-heal|p2a: Ferroseed|91/100|[from] drain|[of] p1a: Mienfoo
|
|-weather|Sandstorm|[upkeep]
|-damage|p1a: Mienfoo|61/100|[from] Sandstorm
|upkeep
|turn|23
|inactive|brewfasa has 240 seconds left.
|
|t:|1644168219
|switch|p2a: Frillish|Frillish, L5, F|83/100 brn
|-damage|p2a: Frillish|70/100 brn|[from] Spikes
|move|p1a: Mienfoo|Knock Off|p2a: Frillish
|-supereffective|p2a: Frillish
|-damage|p2a: Frillish|53/100 brn
|-enditem|p2a: Frillish|Eviolite|[from] move: Knock Off|[of] p1a: Mienfoo
|
|-weather|Sandstorm|[upkeep]
|-damage|p1a: Mienfoo|57/100|[from] Sandstorm
|-damage|p2a: Frillish|48/100 brn|[from] Sandstorm
|-damage|p2a: Frillish|40/100 brn|[from] brn
|upkeep
|turn|24
|
|t:|1644168231
|move|p1a: Mienfoo|Knock Off|p2a: Frillish
|-supereffective|p2a: Frillish
|-damage|p2a: Frillish|14/100 brn
|move|p2a: Frillish|Shadow Ball|p1a: Mienfoo
|-damage|p1a: Mienfoo|18/100
|-unboost|p1a: Mienfoo|spd|1
|
|-weather|Sandstorm|[upkeep]
|-damage|p2a: Frillish|9/100 brn|[from] Sandstorm
|-damage|p1a: Mienfoo|14/100|[from] Sandstorm
|-damage|p2a: Frillish|0 fnt|[from] brn
|faint|p2a: Frillish
|upkeep
|
|t:|1644168242
|switch|p2a: Drifloon|Drifloon, L5, M|4/100
|turn|25
|
|t:|1644168246
|move|p2a: Drifloon|Acrobatics|p1a: Mienfoo
|-supereffective|p1a: Mienfoo
|-damage|p1a: Mienfoo|0 fnt
|faint|p1a: Mienfoo
|
|-weather|Sandstorm|[upkeep]
|-damage|p2a: Drifloon|0 fnt|[from] Sandstorm
|faint|p2a: Drifloon
|upkeep
|
|t:|1644168267
|switch|p2a: Mienfoo|Mienfoo, L5, F|100/100
|switch|p1a: Carvanha|Carvanha, L5, M|64/100
|-damage|p1a: Carvanha|53/100|[from] Spikes
|-damage|p2a: Mienfoo|87/100|[from] Spikes
|turn|26
|
|t:|1644168278
|move|p1a: Carvanha|Protect|p1a: Carvanha
|-singleturn|p1a: Carvanha|Protect
|move|p2a: Mienfoo|U-turn|p1a: Carvanha
|-activate|p1a: Carvanha|move: Protect
|
|-weather|Sandstorm|[upkeep]
|-damage|p1a: Carvanha|48/100|[from] Sandstorm
|-damage|p2a: Mienfoo|83/100|[from] Sandstorm
|-ability|p1a: Carvanha|Speed Boost|boost
|-boost|p1a: Carvanha|spe|1
|upkeep
|turn|27
|
|t:|1644168286
|move|p1a: Carvanha|Hydro Pump|p2a: Mienfoo
|-damage|p2a: Mienfoo|27/100
|-damage|p1a: Carvanha|43/100|[from] item: Life Orb
|move|p2a: Mienfoo|U-turn|p1a: Carvanha
|-supereffective|p1a: Carvanha
|-damage|p1a: Carvanha|0 fnt
|faint|p1a: Carvanha
|
|win|brewfasa
|c|☆brewfasa|gg
|c|☆Hockey1|gg
