|inactive|Battle timer is ON: inactive players will automatically lose when time's up.
|t:|1643941117
|gametype|singles
|player|p1|OUT OF "iv"|aromalady-gen3rs|
|player|p2|Faultson‽|#ptpl3medicham|
|teamsize|p1|6
|teamsize|p2|6
|gen|5
|tier|[Gen 5] OU
|rule|Species Clause: Limit one of each Pokémon
|rule|OHKO Clause: OHKO moves are banned
|rule|Moody Clause: Moody is banned
|rule|Evasion Moves Clause: Evasion moves are banned
|rule|Endless Battle Clause: Forcing endless battles is banned
|rule|HP Percentage Mod: HP is shown in percentages
|rule|Evasion Abilities Clause: Evasion abilities are banned
|rule|Sleep Clause: Sleep-inducing moves are banned
|rule|Swagger Clause: Swagger is banned
|clearpoke
|poke|p1|Jellicent, M|item
|poke|p1|Volcarona, M|item
|poke|p1|Skarmory, M|item
|poke|p1|Latios, M|item
|poke|p1|Tyranitar, F|item
|poke|p1|Reuniclus, M|item
|poke|p2|Tyranitar, M|item
|poke|p2|Ferrothorn, F|item
|poke|p2|Rotom-Wash|item
|poke|p2|Landorus-Therian, M|item
|poke|p2|Latios, M|item
|poke|p2|Alakazam, M|item
|teampreview
|inactive|Faultson‽ also wants the timer to be on.
|c|☆OUT OF "iv"|hf mf
|
|t:|1643941130
|start
|switch|p1a: Skarmory|Skarmory, M|100/100
|switch|p2a: Splash Out 2.0|Landorus-Therian, M|100/100
|-ability|p2a: Splash Out 2.0|Intimidate|boost
|-unboost|p1a: Skarmory|atk|1
|turn|1
|
|t:|1643941140
|switch|p1a: Volcarona|Volcarona, M|100/100
|move|p2a: Splash Out 2.0|Stealth Rock|p1a: Volcarona
|-sidestart|p1: OUT OF "iv"|move: Stealth Rock
|
|upkeep
|turn|2
|c|☆Faultson‽|U2 babe
|
|t:|1643941146
|move|p1a: Volcarona|Quiver Dance|p1a: Volcarona
|-boost|p1a: Volcarona|spa|1
|-boost|p1a: Volcarona|spd|1
|-boost|p1a: Volcarona|spe|1
|move|p2a: Splash Out 2.0|Earthquake|p1a: Volcarona
|-damage|p1a: Volcarona|25/100
|
|upkeep
|turn|3
|
|t:|1643941150
|move|p1a: Volcarona|Fire Blast|p2a: Splash Out 2.0
|-damage|p2a: Splash Out 2.0|0 fnt
|faint|p2a: Splash Out 2.0
|
|upkeep
|
|t:|1643941154
|switch|p2a: Let's Lurk|Latios, M|100/100
|turn|4
|c|+Pinto|pobre splash
|c|+Pinto|siempre esta out
|
|t:|1643941159
|move|p2a: Let's Lurk|Surf|p1a: Volcarona
|-supereffective|p1a: Volcarona
|-damage|p1a: Volcarona|0 fnt
|faint|p1a: Volcarona
|
|upkeep
|
|t:|1643941161
|switch|p1a: Tyranitar|Tyranitar, F|100/100
|-damage|p1a: Tyranitar|88/100|[from] Stealth Rock
|-weather|Sandstorm|[from] ability: Sand Stream|[of] p1a: Tyranitar
|turn|5
|
|t:|1643941178
|move|p2a: Let's Lurk|Surf|p1a: Tyranitar
|-supereffective|p1a: Tyranitar
|-damage|p1a: Tyranitar|43/100
|move|p1a: Tyranitar|Crunch|p2a: Let's Lurk
|-supereffective|p2a: Let's Lurk
|-damage|p2a: Let's Lurk|0 fnt
|faint|p2a: Let's Lurk
|
|-weather|Sandstorm|[upkeep]
|upkeep
|
|t:|1643941183
|switch|p2a: Maddest OT Maddest|Rotom-Wash|100/100
|turn|6
|
|t:|1643941188
|move|p1a: Tyranitar|Crunch|p2a: Maddest OT Maddest
|-damage|p2a: Maddest OT Maddest|57/100
|move|p2a: Maddest OT Maddest|Will-O-Wisp|p1a: Tyranitar
|-status|p1a: Tyranitar|brn
|
|-weather|Sandstorm|[upkeep]
|-damage|p2a: Maddest OT Maddest|50/100|[from] Sandstorm
|-heal|p2a: Maddest OT Maddest|57/100|[from] item: Leftovers
|-damage|p1a: Tyranitar|31/100 brn|[from] brn
|upkeep
|turn|7
|
|t:|1643941194
|switch|p2a: MadAboutBarsS2E37|Ferrothorn, F|100/100
|move|p1a: Tyranitar|Crunch|p2a: MadAboutBarsS2E37
|-resisted|p2a: MadAboutBarsS2E37
|-damage|p2a: MadAboutBarsS2E37|94/100
|-unboost|p2a: MadAboutBarsS2E37|def|1
|-damage|p1a: Tyranitar|18/100 brn|[from] ability: Iron Barbs|[of] p2a: MadAboutBarsS2E37
|
|-weather|Sandstorm|[upkeep]
|-heal|p2a: MadAboutBarsS2E37|99/100|[from] item: Leftovers
|-damage|p1a: Tyranitar|6/100 brn|[from] brn
|upkeep
|turn|8
|
|t:|1643941197
|move|p1a: Tyranitar|Crunch|p2a: MadAboutBarsS2E37
|-resisted|p2a: MadAboutBarsS2E37
|-damage|p2a: MadAboutBarsS2E37|89/100
|-damage|p1a: Tyranitar|0 fnt|[from] ability: Iron Barbs|[of] p2a: MadAboutBarsS2E37
|faint|p1a: Tyranitar
|move|p2a: MadAboutBarsS2E37|Spikes|p1: Tyranitar
|-sidestart|p1: OUT OF "iv"|Spikes
|
|-weather|Sandstorm|[upkeep]
|-heal|p2a: MadAboutBarsS2E37|95/100|[from] item: Leftovers
|upkeep
|
|t:|1643941201
|switch|p1a: Skarmory|Skarmory, M|100/100
|-damage|p1a: Skarmory|88/100|[from] Stealth Rock
|turn|9
|c|+egalvanc|Para q es
|c|☆OUT OF "iv"|fun
|
|t:|1643941206
|move|p1a: Skarmory|Stealth Rock|p2a: MadAboutBarsS2E37
|-sidestart|p2: Faultson‽|move: Stealth Rock
|move|p2a: MadAboutBarsS2E37|Knock Off|p1a: Skarmory
|-resisted|p1a: Skarmory
|-damage|p1a: Skarmory|86/100
|-enditem|p1a: Skarmory|Salac Berry|[from] move: Knock Off|[of] p2a: MadAboutBarsS2E37
|
|-weather|Sandstorm|[upkeep]
|-heal|p2a: MadAboutBarsS2E37|100/100|[from] item: Leftovers
|upkeep
|turn|10
|
|t:|1643941214
|move|p1a: Skarmory|Spikes|p2a: MadAboutBarsS2E37
|-sidestart|p2: Faultson‽|Spikes
|move|p2a: MadAboutBarsS2E37|Spikes|p1a: Skarmory
|-sidestart|p1: OUT OF "iv"|Spikes
|
|-weather|Sandstorm|[upkeep]
|upkeep
|turn|11
|c|+egalvanc|Lol
|
|t:|1643941217
|move|p1a: Skarmory|Spikes|p2a: MadAboutBarsS2E37
|-sidestart|p2: Faultson‽|Spikes
|move|p2a: MadAboutBarsS2E37|Spikes|p1a: Skarmory
|-sidestart|p1: OUT OF "iv"|Spikes
|
|-weather|Sandstorm|[upkeep]
|upkeep
|turn|12
|c|+Pinto|para sexo egalvanc
|
|t:|1643941221
|switch|p2a: Maddest OT Maddest|Rotom-Wash|57/100
|-damage|p2a: Maddest OT Maddest|44/100|[from] Stealth Rock
|move|p1a: Skarmory|Spikes|p2a: Maddest OT Maddest
|-sidestart|p2: Faultson‽|Spikes
|
|-weather|Sandstorm|[upkeep]
|-damage|p2a: Maddest OT Maddest|38/100|[from] Sandstorm
|-heal|p2a: Maddest OT Maddest|44/100|[from] item: Leftovers
|upkeep
|turn|13
|
|t:|1643941224
|move|p1a: Skarmory|Taunt|p2a: Maddest OT Maddest
|-start|p2a: Maddest OT Maddest|move: Taunt
|cant|p2a: Maddest OT Maddest|move: Taunt|Pain Split
|
|-weather|Sandstorm|[upkeep]
|-damage|p2a: Maddest OT Maddest|38/100|[from] Sandstorm
|-heal|p2a: Maddest OT Maddest|44/100|[from] item: Leftovers
|upkeep
|turn|14
|c|+egalvanc|Pensé q estaba loccked faultson
|c|+egalvanc|Xd
|
|t:|1643941229
|move|p1a: Skarmory|Brave Bird|p2a: Maddest OT Maddest
|-resisted|p2a: Maddest OT Maddest
|-damage|p2a: Maddest OT Maddest|22/100
|-damage|p1a: Skarmory|78/100|[from] Recoil
|move|p2a: Maddest OT Maddest|Hidden Power|p1a: Skarmory
|-damage|p1a: Skarmory|50/100
|
|-weather|Sandstorm|[upkeep]
|-damage|p2a: Maddest OT Maddest|16/100|[from] Sandstorm
|-heal|p2a: Maddest OT Maddest|22/100|[from] item: Leftovers
|upkeep
|turn|15
|c|+Pinto|yo tambien
|
|t:|1643941235
|move|p1a: Skarmory|Brave Bird|p2a: Maddest OT Maddest
|-resisted|p2a: Maddest OT Maddest
|-damage|p2a: Maddest OT Maddest|0 fnt
|faint|p2a: Maddest OT Maddest
|-damage|p1a: Skarmory|42/100|[from] Recoil
|
|-weather|Sandstorm|[upkeep]
|upkeep
|
|t:|1643941242
|switch|p2a: Bruck it|Alakazam, M, shiny|100/100
|turn|16
|c|+Pinto|ese skarmory pega mucho 
|c|+Churielix|MDRRRRRRR
|
|t:|1643941245
|move|p2a: Bruck it|Focus Blast|p1a: Skarmory
|-damage|p1a: Skarmory|0 fnt
|faint|p1a: Skarmory
|
|-weather|Sandstorm|[upkeep]
|upkeep
|c|+Pinto|le falto speed
|
|t:|1643941257
|switch|p1a: Latios|Latios, M|100/100
|-damage|p1a: Latios|88/100|[from] Stealth Rock
|turn|17
|c|+egalvanc|Ese skarmory pega más q la chancla de mi mamá
|c|+egalvanc|:v
|
|t:|1643941264
|switch|p2a: MadAboutBarsS2E37|Ferrothorn, F|100/100
|-damage|p2a: MadAboutBarsS2E37|94/100|[from] Stealth Rock
|-damage|p2a: MadAboutBarsS2E37|69/100|[from] Spikes
|move|p1a: Latios|Surf|p2a: MadAboutBarsS2E37
|-resisted|p2a: MadAboutBarsS2E37
|-damage|p2a: MadAboutBarsS2E37|59/100
|
|-weather|Sandstorm|[upkeep]
|-damage|p1a: Latios|82/100|[from] Sandstorm
|-heal|p2a: MadAboutBarsS2E37|65/100|[from] item: Leftovers
|upkeep
|turn|18
|c|+Pinto|lmao
|c|+egalvanc|Xd
|
|t:|1643941280
|move|p1a: Latios|Calm Mind|p1a: Latios
|-boost|p1a: Latios|spa|1
|-boost|p1a: Latios|spd|1
|move|p2a: MadAboutBarsS2E37|Power Whip|p1a: Latios
|-resisted|p1a: Latios
|-damage|p1a: Latios|56/100
|
|-weather|Sandstorm|[upkeep]
|-damage|p1a: Latios|50/100|[from] Sandstorm
|-heal|p2a: MadAboutBarsS2E37|71/100|[from] item: Leftovers
|upkeep
|turn|19
|
|t:|1643941283
|switch|p2a: Kill Shit|Tyranitar, M, shiny|100/100
|-damage|p2a: Kill Shit|88/100|[from] Stealth Rock
|-damage|p2a: Kill Shit|63/100|[from] Spikes
|move|p1a: Latios|Recover|p1a: Latios
|-heal|p1a: Latios|100/100
|
|-weather|Sandstorm|[upkeep]
|-damage|p1a: Latios|95/100|[from] Sandstorm
|upkeep
|turn|20
|
|t:|1643941286
|move|p1a: Latios|Draco Meteor|p2a: Kill Shit
|-enditem|p1a: Latios|Dragon Gem|[from] gem
|-damage|p2a: Kill Shit|0 fnt
|-unboost|p1a: Latios|spa|2
|faint|p2a: Kill Shit
|
|-weather|Sandstorm|[upkeep]
|-damage|p1a: Latios|89/100|[from] Sandstorm
|upkeep
|c|+egalvanc|La habías escuchado esa no Pinto?
|c|+egalvanc|:v
|
|t:|1643941289
|switch|p2a: Bruck it|Alakazam, M, shiny|100/100
|turn|21
|
|t:|1643941291
|move|p2a: Bruck it|Shadow Ball|p1a: Latios
|-supereffective|p1a: Latios
|-damage|p1a: Latios|40/100
|-unboost|p1a: Latios|spd|1
|move|p1a: Latios|Surf|p2a: Bruck it
|-damage|p2a: Bruck it|67/100
|
|-weather|Sandstorm|[upkeep]
|-damage|p1a: Latios|34/100|[from] Sandstorm
|upkeep
|turn|22
|c|+Pinto|seh 
|
|t:|1643941295
|move|p2a: Bruck it|Shadow Ball|p1a: Latios
|-supereffective|p1a: Latios
|-damage|p1a: Latios|0 fnt
|faint|p1a: Latios
|
|-weather|Sandstorm|[upkeep]
|upkeep
|
|t:|1643941297
|switch|p1a: Reuniclus|Reuniclus, M|100/100
|turn|23
|c|+Pinto|aunque es mas comun decir papá borracho 
|
|t:|1643941309
|move|p2a: Bruck it|Shadow Ball|p1a: Reuniclus
|-supereffective|p1a: Reuniclus
|-crit|p1a: Reuniclus
|-damage|p1a: Reuniclus|0 fnt
|faint|p1a: Reuniclus
|
|-weather|Sandstorm|[upkeep]
|upkeep
|
|t:|1643941311
|switch|p1a: Jellicent|Jellicent, M|100/100
|-damage|p1a: Jellicent|88/100|[from] Stealth Rock
|-item|p1a: Jellicent|Air Balloon
|turn|24
|c|+Pinto|jajajajaj
|c|☆Faultson‽|Ez
|c|+Pinto|lmao
|c|☆OUT OF "iv"|yea
|c|+tempo di anguria|,
|c|+egalvanc|a.a
|c|+Pinto|,
|c|☆OUT OF "iv"|i threw btw anyway
|c|+Churielix|Only way he can win
|
|t:|1643941325
|move|p2a: Bruck it|Shadow Ball|p1a: Jellicent
|-supereffective|p1a: Jellicent
|-damage|p1a: Jellicent|29/100
|-enditem|p1a: Jellicent|Air Balloon
|move|p1a: Jellicent|Night Shade|p2a: Bruck it
|-damage|p2a: Bruck it|27/100
|
|-weather|Sandstorm|[upkeep]
|-damage|p1a: Jellicent|23/100|[from] Sandstorm
|upkeep
|turn|25
|c|+egalvanc|Haz
|c|+egalvanc|Xddd
|c|+egalvanc|Quién no lleva
|
|t:|1643941333
|move|p2a: Bruck it|Shadow Ball|p1a: Jellicent
|-supereffective|p1a: Jellicent
|-damage|p1a: Jellicent|0 fnt
|faint|p1a: Jellicent
|
|win|Faultson‽
