|inactive|Battle timer is ON: inactive players will automatically lose when time's up.
|t:|1644172926
|gametype|singles
|player|p1|F i l l e|#scl1breakers|
|player|p2|wesh papillon|dawn|
|teamsize|p1|6
|teamsize|p2|6
|gen|5
|tier|[Gen 5] LC
|rule|Species Clause: Limit one of each Pokémon
|rule|OHKO Clause: OHKO moves are banned
|rule|Moody Clause: Moody is banned
|rule|Evasion Moves Clause: Evasion moves are banned
|rule|Endless Battle Clause: Forcing endless battles is banned
|rule|HP Percentage Mod: HP is shown in percentages
|rule|Sleep Clause: Sleep-inducing moves are banned
|clearpoke
|poke|p1|Natu, L5, F|item
|poke|p1|Timburr, L5, F|item
|poke|p1|Magnemite, L5|item
|poke|p1|Diglett, L5, M|item
|poke|p1|Porygon, L5|item
|poke|p1|Abra, L5, M|item
|poke|p2|Lileep, L5, M|item
|poke|p2|Hippopotas, L5, F|item
|poke|p2|Gastly, L5, M|item
|poke|p2|Natu, L5, M|item
|poke|p2|Mienfoo, L5, M|item
|poke|p2|Bronzor, L5|item
|teampreview
|c|☆F i l l e|hf!
|c|☆wesh papillon|gl hf 
|c|☆F i l l e|smfh Levi has a too big a fetish for Sandstall
|c|+Boulicrok|FOAT
|inactive|F i l l e has 270 seconds left.
|inactive|wesh papillon has 270 seconds left.
|c|+Lasen|go fille!
|inactive|F i l l e has 240 seconds left.
|inactive|wesh papillon has 240 seconds left.
|inactive|wesh papillon has 210 seconds left.
|inactive|wesh papillon has 180 seconds left.
|
|t:|1644173049
|start
|switch|p1a: Abra|Abra, L5, M|100/100
|switch|p2a: Hippopotas|Hippopotas, L5, F|100/100
|-weather|Sandstorm|[from] ability: Sand Stream|[of] p2a: Hippopotas
|turn|1
|inactive|wesh papillon has 240 seconds left.
|inactive|wesh papillon has 210 seconds left.
|
|t:|1644173092
|switch|p1a: Porygon|Porygon, L5|100/100
|-ability|p1a: Porygon|Sand Stream|[from] ability: Trace|[of] p2a: Hippopotas
|move|p2a: Hippopotas|Crunch|p1a: Porygon
|-damage|p1a: Porygon|80/100
|
|-weather|Sandstorm|[upkeep]
|-damage|p1a: Porygon|76/100|[from] Sandstorm
|upkeep
|turn|2
|inactive|wesh papillon has 210 seconds left.
|inactive|wesh papillon has 180 seconds left.
|
|t:|1644173147
|switch|p1a: Natu|Natu, L5, F|100/100
|switch|p2a: Lileep|Lileep, L5, M|100/100
|
|-weather|Sandstorm|[upkeep]
|-damage|p1a: Natu|96/100|[from] Sandstorm
|upkeep
|turn|3
|
|t:|1644173167
|move|p1a: Natu|U-turn|p2a: Lileep
|-supereffective|p2a: Lileep
|-damage|p2a: Lileep|84/100
|
|t:|1644173180
|switch|p1a: Timburr|Timburr, L5, F|100/100|[from]move: U-turn
|move|p2a: Lileep|Hidden Power|p1a: Timburr
|-resisted|p1a: Timburr
|-damage|p1a: Timburr|88/100
|
|-weather|Sandstorm|[upkeep]
|-damage|p1a: Timburr|84/100|[from] Sandstorm
|upkeep
|turn|4
|
|t:|1644173197
|switch|p1a: Diglett|Diglett, L5, M|100/100
|switch|p2a: Mienfoo|Mienfoo, L5, M|100/100
|
|-weather|Sandstorm|[upkeep]
|-damage|p2a: Mienfoo|96/100|[from] Sandstorm
|upkeep
|turn|5
|
|t:|1644173205
|switch|p1a: Natu|Natu, L5, F|96/100
|move|p2a: Mienfoo|U-turn|p1a: Natu
|-crit|p1a: Natu
|-damage|p1a: Natu|48/100
|inactive|wesh papillon has 150 seconds left.
|
|t:|1644173254
|switch|p2a: Gastly|Gastly, L5, M|100/100|[from]move: U-turn
|
|-weather|Sandstorm|[upkeep]
|-damage|p2a: Gastly|96/100|[from] Sandstorm
|-damage|p1a: Natu|43/100|[from] Sandstorm
|upkeep
|turn|6
|
|t:|1644173264
|switch|p1a: Magnemite|Magnemite, L5|100/100
|move|p2a: Gastly|Sludge Bomb|p1a: Magnemite
|-immune|p1a: Magnemite
|
|-weather|Sandstorm|[upkeep]
|-damage|p2a: Gastly|91/100|[from] Sandstorm
|upkeep
|turn|7
|
|t:|1644173280
|switch|p2a: Hippopotas|Hippopotas, L5, F|100/100
|move|p1a: Magnemite|Flash Cannon|p2a: Hippopotas
|-damage|p2a: Hippopotas|60/100
|
|-weather|Sandstorm|[upkeep]
|upkeep
|turn|8
|
|t:|1644173289
|move|p1a: Magnemite|Flash Cannon|p2a: Hippopotas
|-damage|p2a: Hippopotas|12/100
|move|p2a: Hippopotas|Slack Off|p2a: Hippopotas
|-heal|p2a: Hippopotas|64/100
|
|-weather|Sandstorm|[upkeep]
|upkeep
|turn|9
|
|t:|1644173295
|move|p1a: Magnemite|Flash Cannon|p2a: Hippopotas
|-damage|p2a: Hippopotas|24/100
|move|p2a: Hippopotas|Slack Off|p2a: Hippopotas
|-heal|p2a: Hippopotas|76/100
|
|-weather|Sandstorm|[upkeep]
|upkeep
|turn|10
|inactive|wesh papillon has 150 seconds left.
|
|t:|1644173302
|move|p1a: Magnemite|Flash Cannon|p2a: Hippopotas
|-damage|p2a: Hippopotas|24/100
|move|p2a: Hippopotas|Earthquake|p1a: Magnemite
|-supereffective|p1a: Magnemite
|-ability|p1a: Magnemite|Sturdy
|-damage|p1a: Magnemite|6/100
|
|-weather|Sandstorm|[upkeep]
|upkeep
|turn|11
|
|t:|1644173312
|move|p1a: Magnemite|Flash Cannon|p2a: Hippopotas
|-damage|p2a: Hippopotas|0 fnt
|faint|p2a: Hippopotas
|
|-weather|Sandstorm|[upkeep]
|upkeep
|
|t:|1644173314
|switch|p2a: Mienfoo|Mienfoo, L5, M|100/100
|turn|12
|
|t:|1644173332
|switch|p1a: Timburr|Timburr, L5, F|84/100
|move|p2a: Mienfoo|Knock Off|p1a: Timburr
|-resisted|p1a: Timburr
|-damage|p1a: Timburr|80/100
|-enditem|p1a: Timburr|Eviolite|[from] move: Knock Off|[of] p2a: Mienfoo
|
|-weather|Sandstorm|[upkeep]
|-damage|p2a: Mienfoo|96/100|[from] Sandstorm
|-damage|p1a: Timburr|75/100|[from] Sandstorm
|upkeep
|turn|13
|inactive|F i l l e has 270 seconds left.
|
|t:|1644173371
|move|p2a: Mienfoo|U-turn|p1a: Timburr
|-resisted|p1a: Timburr
|-damage|p1a: Timburr|63/100
|
|t:|1644173377
|switch|p2a: Gastly|Gastly, L5, M|91/100|[from]move: U-turn
|move|p1a: Timburr|Drain Punch|p2a: Gastly
|-immune|p2a: Gastly
|
|-weather|Sandstorm|[upkeep]
|-damage|p2a: Gastly|86/100|[from] Sandstorm
|-damage|p1a: Timburr|59/100|[from] Sandstorm
|upkeep
|turn|14
|inactive|F i l l e has 270 seconds left.
|
|t:|1644173388
|switch|p2a: Mienfoo|Mienfoo, L5, M|100/100
|move|p1a: Timburr|Thunder Punch|p2a: Mienfoo
|-damage|p2a: Mienfoo|73/100
|
|-weather|Sandstorm|[upkeep]
|-damage|p2a: Mienfoo|69/100|[from] Sandstorm
|-damage|p1a: Timburr|55/100|[from] Sandstorm
|upkeep
|turn|15
|
|t:|1644173395
|move|p1a: Timburr|Mach Punch|p2a: Mienfoo
|-damage|p2a: Mienfoo|41/100
|move|p2a: Mienfoo|Drain Punch|p1a: Timburr
|-damage|p1a: Timburr|13/100
|-heal|p2a: Mienfoo|64/100|[from] drain|[of] p1a: Timburr
|
|-weather|Sandstorm|[upkeep]
|-damage|p2a: Mienfoo|60/100|[from] Sandstorm
|-damage|p1a: Timburr|9/100|[from] Sandstorm
|upkeep
|turn|16
|
|t:|1644173404
|move|p1a: Timburr|Mach Punch|p2a: Mienfoo
|-crit|p2a: Mienfoo
|-damage|p2a: Mienfoo|5/100
|move|p2a: Mienfoo|U-turn|p1a: Timburr
|-resisted|p1a: Timburr
|-damage|p1a: Timburr|0 fnt
|faint|p1a: Timburr
|inactive|wesh papillon has 150 seconds left.
|
|t:|1644173448
|switch|p2a: Lileep|Lileep, L5, M|84/100|[from]move: U-turn
|
|-weather|Sandstorm|[upkeep]
|upkeep
|inactive|F i l l e has 270 seconds left.
|
|t:|1644173487
|switch|p1a: Porygon|Porygon, L5|76/100
|-ability|p1a: Porygon|Storm Drain|[from] ability: Trace|[of] p2a: Lileep
|turn|17
|
|t:|1644173506
|switch|p2a: Natu|Natu, L5, M|100/100
|move|p1a: Porygon|Ice Beam|p2a: Natu
|-supereffective|p2a: Natu
|-damage|p2a: Natu|43/100
|-status|p2a: Natu|frz
|
|-weather|Sandstorm|[upkeep]
|-damage|p2a: Natu|39/100 frz|[from] Sandstorm
|-damage|p1a: Porygon|72/100|[from] Sandstorm
|upkeep
|turn|18
|inactive|F i l l e has 270 seconds left.
|
|t:|1644173525
|switch|p1a: Magnemite|Magnemite, L5|6/100
|cant|p2a: Natu|frz
|
|-weather|Sandstorm|[upkeep]
|-damage|p2a: Natu|34/100 frz|[from] Sandstorm
|upkeep
|turn|19
|
|t:|1644173528
|move|p1a: Magnemite|Volt Switch|p2a: Natu
|-supereffective|p2a: Natu
|-damage|p2a: Natu|0 fnt
|faint|p2a: Natu
|inactive|F i l l e has 270 seconds left.
|
|t:|1644173546
|switch|p1a: Abra|Abra, L5, M|100/100|[from]move: Volt Switch
|
|-weather|Sandstorm|[upkeep]
|upkeep
|inactive|wesh papillon has 150 seconds left.
|
|t:|1644173555
|switch|p2a: Lileep|Lileep, L5, M|84/100
|turn|20
|inactive|F i l l e has 270 seconds left.
|
|t:|1644173575
|switch|p1a: Porygon|Porygon, L5|72/100
|-ability|p1a: Porygon|Storm Drain|[from] ability: Trace|[of] p2a: Lileep
|move|p2a: Lileep|Giga Drain|p1a: Porygon
|-damage|p1a: Porygon|57/100
|-heal|p2a: Lileep|92/100|[from] drain|[of] p1a: Porygon
|
|-weather|Sandstorm|[upkeep]
|-damage|p1a: Porygon|52/100|[from] Sandstorm
|upkeep
|turn|21
|
|t:|1644173578
|move|p1a: Porygon|Recover|p1a: Porygon
|-heal|p1a: Porygon|100/100
|move|p2a: Lileep|Toxic|p1a: Porygon
|-status|p1a: Porygon|tox
|
|-weather|Sandstorm|[upkeep]
|-damage|p1a: Porygon|96/100 tox|[from] Sandstorm
|-damage|p1a: Porygon|92/100 tox|[from] psn
|upkeep
|turn|22
|
|t:|1644173585
|move|p1a: Porygon|Ice Beam|p2a: Lileep
|-supereffective|p2a: Lileep
|-damage|p2a: Lileep|60/100
|move|p2a: Lileep|Giga Drain|p1a: Porygon
|-damage|p1a: Porygon|76/100 tox
|-heal|p2a: Lileep|68/100|[from] drain|[of] p1a: Porygon
|
|-weather|Sandstorm|[upkeep]
|-damage|p1a: Porygon|72/100 tox|[from] Sandstorm
|-damage|p1a: Porygon|64/100 tox|[from] psn
|upkeep
|turn|23
|
|t:|1644173590
|switch|p1a: Natu|Natu, L5, F|43/100
|move|p2a: Lileep|Recover|p2a: Lileep
|-heal|p2a: Lileep|100/100
|
|-weather|Sandstorm|[upkeep]
|-damage|p1a: Natu|39/100|[from] Sandstorm
|upkeep
|turn|24
|
|t:|1644173600
|switch|p2a: Gastly|Gastly, L5, M|86/100
|move|p1a: Natu|Roost|p1a: Natu
|-heal|p1a: Natu|91/100
|-singleturn|p1a: Natu|move: Roost
|
|-weather|Sandstorm|[upkeep]
|-damage|p2a: Gastly|81/100|[from] Sandstorm
|-damage|p1a: Natu|86/100|[from] Sandstorm
|upkeep
|turn|25
|inactive|F i l l e has 270 seconds left.
|
|t:|1644173631
|switch|p1a: Porygon|Porygon, L5|64/100 tox
|-ability|p1a: Porygon|Levitate|[from] ability: Trace|[of] p2a: Gastly
|move|p2a: Gastly|Shadow Ball|p1a: Porygon
|-immune|p1a: Porygon
|
|-weather|Sandstorm|[upkeep]
|-damage|p2a: Gastly|77/100|[from] Sandstorm
|-damage|p1a: Porygon|60/100 tox|[from] Sandstorm
|-damage|p1a: Porygon|57/100 tox|[from] psn
|upkeep
|turn|26
|
|t:|1644173637
|switch|p2a: Lileep|Lileep, L5, M|100/100
|move|p1a: Porygon|Psychic|p2a: Lileep
|-damage|p2a: Lileep|84/100
|
|-weather|Sandstorm|[upkeep]
|-damage|p1a: Porygon|52/100 tox|[from] Sandstorm
|-damage|p1a: Porygon|44/100 tox|[from] psn
|upkeep
|turn|27
|
|t:|1644173640
|move|p1a: Porygon|Recover|p1a: Porygon
|-heal|p1a: Porygon|96/100 tox
|move|p2a: Lileep|Hidden Power|p1a: Porygon
|-damage|p1a: Porygon|72/100 tox
|
|-weather|Sandstorm|[upkeep]
|-damage|p1a: Porygon|68/100 tox|[from] Sandstorm
|-damage|p1a: Porygon|57/100 tox|[from] psn
|upkeep
|turn|28
|
|t:|1644173645
|move|p1a: Porygon|Ice Beam|p2a: Lileep
|-supereffective|p2a: Lileep
|-damage|p2a: Lileep|52/100
|move|p2a: Lileep|Giga Drain|p1a: Porygon
|-damage|p1a: Porygon|40/100 tox
|-heal|p2a: Lileep|60/100|[from] drain|[of] p1a: Porygon
|
|-weather|Sandstorm|[upkeep]
|-damage|p1a: Porygon|36/100 tox|[from] Sandstorm
|-damage|p1a: Porygon|20/100 tox|[from] psn
|upkeep
|turn|29
|
|t:|1644173657
|move|p1a: Porygon|Ice Beam|p2a: Lileep
|-supereffective|p2a: Lileep
|-crit|p2a: Lileep
|-damage|p2a: Lileep|0 fnt
|faint|p2a: Lileep
|
|-weather|Sandstorm|[upkeep]
|-damage|p1a: Porygon|16/100 tox|[from] Sandstorm
|-damage|p1a: Porygon|0 fnt|[from] psn
|faint|p1a: Porygon
|upkeep
|c|☆F i l l e|this is a shitfest
|c|☆wesh papillon|hmm 
|c|☆wesh papillon|yeah happens 
|inactive|F i l l e has 270 seconds left.
|
|t:|1644173688
|switch|p1a: Diglett|Diglett, L5, M|100/100
|switch|p2a: Gastly|Gastly, L5, M|77/100
|turn|30
|inactive|F i l l e has 270 seconds left.
|
|t:|1644173705
|move|p1a: Diglett|Beat Up|p2a: Gastly
|-supereffective|p2a: Gastly
|-damage|p2a: Gastly|62/100
|-supereffective|p2a: Gastly
|-damage|p2a: Gastly|48/100
|-supereffective|p2a: Gastly
|-damage|p2a: Gastly|34/100
|-supereffective|p2a: Gastly
|-damage|p2a: Gastly|20/100
|-hitcount|p2a: Gastly|4
|-damage|p1a: Diglett|95/100|[from] item: Life Orb
|move|p2a: Gastly|Will-O-Wisp|p1a: Diglett|[miss]
|-miss|p2a: Gastly|p1a: Diglett
|
|-weather|Sandstorm|[upkeep]
|-damage|p2a: Gastly|15/100|[from] Sandstorm
|upkeep
|turn|31
|
|t:|1644173712
|-activate|p2a: Gastly|move: Pursuit
|move|p1a: Diglett|Pursuit|p2a: Gastly|[from]Pursuit
|-supereffective|p2a: Gastly
|-damage|p2a: Gastly|0 fnt
|faint|p2a: Gastly
|-damage|p1a: Diglett|89/100|[from] item: Life Orb
|-hint|A Pokemon can't switch between when it runs out of HP and when it faints
|
|-weather|Sandstorm|[upkeep]
|upkeep
|c|☆F i l l e|yepyep
|
|t:|1644173723
|switch|p2a: Bronzor|Bronzor, L5|100/100
|turn|32
|inactive|F i l l e has 270 seconds left.
|inactive|F i l l e has 240 seconds left.
|
|t:|1644173801
|move|p1a: Diglett|Beat Up|p2a: Bronzor
|-damage|p2a: Bronzor|96/100
|-damage|p2a: Bronzor|83/100
|-damage|p2a: Bronzor|79/100
|-damage|p2a: Bronzor|74/100
|-hitcount|p2a: Bronzor|4
|-damage|p1a: Diglett|84/100|[from] item: Life Orb
|move|p2a: Bronzor|Psychic|p1a: Diglett
|-damage|p1a: Diglett|28/100
|
|-weather|Sandstorm|[upkeep]
|upkeep
|turn|33
|
|t:|1644173807
|move|p1a: Diglett|Beat Up|p2a: Bronzor
|-damage|p2a: Bronzor|70/100
|-crit|p2a: Bronzor
|-damage|p2a: Bronzor|53/100
|-damage|p2a: Bronzor|48/100
|-enditem|p2a: Bronzor|Oran Berry|[eat]
|-heal|p2a: Bronzor|92/100|[from] item: Oran Berry
|-damage|p2a: Bronzor|87/100
|-hitcount|p2a: Bronzor|4
|-damage|p1a: Diglett|23/100|[from] item: Life Orb
|move|p2a: Bronzor|Psychic|p1a: Diglett
|-damage|p1a: Diglett|0 fnt
|faint|p1a: Diglett
|
|-weather|Sandstorm|[upkeep]
|upkeep
|
|t:|1644173818
|switch|p1a: Magnemite|Magnemite, L5|6/100
|turn|34
|
|t:|1644173824
|move|p1a: Magnemite|Thunderbolt|p2a: Bronzor
|-damage|p2a: Bronzor|31/100
|-status|p2a: Bronzor|par
|cant|p2a: Bronzor|par
|
|-weather|Sandstorm|[upkeep]
|upkeep
|turn|35
|c|☆wesh papillon|welp 
|c|+Inder|e
|c|☆F i l l e|ye lol
|c|☆F i l l e|I'm terribly sorry about how this shit panned out
|c|+Boulicrok|Foat
|inactive|wesh papillon has 240 seconds left.
|c|☆wesh papillon|yeah I dont wanna be like mad and salty cuz ik its not ur fault but 
|c|☆wesh papillon|really sucks kek 
|
|t:|1644173862
|move|p1a: Magnemite|Thunderbolt|p2a: Bronzor
|-damage|p2a: Bronzor|0 fnt
|faint|p2a: Bronzor
|
|-weather|Sandstorm|[upkeep]
|upkeep
|c|☆F i l l e|ye
|c|☆F i l l e|for sure
|
|t:|1644173864
|switch|p2a: Mienfoo|Mienfoo, L5, M|37/100
|turn|36
|c|☆wesh papillon|gg
|inactive|F i l l e has 240 seconds left.
|c|☆F i l l e|out of respect
|
|t:|1644173876
|move|p1a: Magnemite|Thunderbolt|p2a: Mienfoo
|-damage|p2a: Mienfoo|0 fnt
|faint|p2a: Mienfoo
|
|win|F i l l e
