|inactive|Battle timer is ON: inactive players will automatically lose when time's up.
|t:|1644082172
|gametype|singles
|player|p1|toytean|veteran|
|player|p2|MTV BRATVA|unknown|
|teamsize|p1|6
|teamsize|p2|6
|gen|5
|tier|[Gen 5] OU
|rule|Species Clause: Limit one of each Pokémon
|rule|OHKO Clause: OHKO moves are banned
|rule|Moody Clause: Moody is banned
|rule|Evasion Moves Clause: Evasion moves are banned
|rule|Endless Battle Clause: Forcing endless battles is banned
|rule|HP Percentage Mod: HP is shown in percentages
|rule|Evasion Abilities Clause: Evasion abilities are banned
|rule|Sleep Clause: Sleep-inducing moves are banned
|rule|Swagger Clause: Swagger is banned
|clearpoke
|poke|p1|Tyranitar, F|item
|poke|p1|Skarmory, F|item
|poke|p1|Gastrodon, M|item
|poke|p1|Reuniclus, M|item
|poke|p1|Garchomp, M|item
|poke|p1|Alakazam, F|item
|poke|p2|Hippowdon, F|item
|poke|p2|Scizor, F|item
|poke|p2|Ferrothorn, F|item
|poke|p2|Rotom-Wash|item
|poke|p2|Latios, M|item
|poke|p2|Landorus-Therian, M|item
|teampreview
|c|☆MTV BRATVA|hf
|inactive|MTV BRATVA has 270 seconds left.
|
|t:|1644082203
|start
|switch|p1a: Gastrodon|Gastrodon, M|100/100
|switch|p2a: Hippowdon|Hippowdon, F|100/100
|-weather|Sandstorm|[from] ability: Sand Stream|[of] p2a: Hippowdon
|turn|1
|
|t:|1644082214
|move|p2a: Hippowdon|Toxic|p1a: Gastrodon
|-status|p1a: Gastrodon|tox
|move|p1a: Gastrodon|Scald|p2a: Hippowdon
|-supereffective|p2a: Hippowdon
|-damage|p2a: Hippowdon|61/100
|
|-weather|Sandstorm|[upkeep]
|-heal|p2a: Hippowdon|68/100|[from] item: Leftovers
|-damage|p1a: Gastrodon|94/100 tox|[from] psn
|upkeep
|turn|2
|
|t:|1644082218
|move|p2a: Hippowdon|Stealth Rock|p1a: Gastrodon
|-sidestart|p1: toytean|move: Stealth Rock
|move|p1a: Gastrodon|Scald|p2a: Hippowdon
|-supereffective|p2a: Hippowdon
|-damage|p2a: Hippowdon|32/100
|
|-weather|Sandstorm|[upkeep]
|-heal|p2a: Hippowdon|38/100|[from] item: Leftovers
|-heal|p1a: Gastrodon|100/100 tox|[from] item: Leftovers
|-damage|p1a: Gastrodon|88/100 tox|[from] psn
|upkeep
|turn|3
|inactive|MTV BRATVA has 270 seconds left.
|c|☆MTV BRATVA|jajajajja
|c|☆MTV BRATVA|no es slack off
|
|t:|1644082272
|move|p2a: Hippowdon|Earthquake|p1a: Gastrodon
|-crit|p1a: Gastrodon
|-damage|p1a: Gastrodon|34/100 tox
|move|p1a: Gastrodon|Scald|p2a: Hippowdon
|-supereffective|p2a: Hippowdon
|-damage|p2a: Hippowdon|4/100
|-status|p2a: Hippowdon|brn
|
|-weather|Sandstorm|[upkeep]
|-heal|p2a: Hippowdon|10/100 brn|[from] item: Leftovers
|-heal|p1a: Gastrodon|40/100 tox|[from] item: Leftovers
|-damage|p1a: Gastrodon|22/100 tox|[from] psn
|-damage|p2a: Hippowdon|0 fnt|[from] brn
|faint|p2a: Hippowdon
|upkeep
|c|☆toytean|,
|c|☆MTV BRATVA|no lo era de verdad
|inactive|MTV BRATVA has 240 seconds left.
|c|☆toytean|digo el crit
|c|☆MTV BRATVA|que ida de olla, solo queria el rock slide para volca
|c|☆MTV BRATVA|nah, el crit te jodes
|
|t:|1644082302
|switch|p2a: Scizor|Scizor, F|100/100
|turn|4
|
|t:|1644082306
|switch|p1a: Skarmory|Skarmory, F|100/100
|-damage|p1a: Skarmory|88/100|[from] Stealth Rock
|move|p2a: Scizor|U-turn|p1a: Skarmory
|-resisted|p1a: Skarmory
|-damage|p1a: Skarmory|77/100
|-damage|p2a: Scizor|84/100|[from] item: Rocky Helmet|[of] p1a: Skarmory
|
|t:|1644082312
|switch|p2a: Rotom|Rotom-Wash|100/100|[from]move: U-turn
|
|-weather|Sandstorm|[upkeep]
|-damage|p2a: Rotom|95/100|[from] Sandstorm
|-heal|p2a: Rotom|100/100|[from] item: Leftovers
|upkeep
|turn|5
|inactive|MTV BRATVA has 240 seconds left.
|
|t:|1644082321
|switch|p2a: Ferrothorn|Ferrothorn, F|100/100
|move|p1a: Skarmory|Roost|p1a: Skarmory
|-heal|p1a: Skarmory|100/100
|-singleturn|p1a: Skarmory|move: Roost
|
|-weather|Sandstorm|[upkeep]
|upkeep
|turn|6
|
|t:|1644082329
|move|p1a: Skarmory|Spikes|p2a: Ferrothorn
|-sidestart|p2: MTV BRATVA|Spikes
|move|p2a: Ferrothorn|Knock Off|p1a: Skarmory
|-resisted|p1a: Skarmory
|-damage|p1a: Skarmory|99/100
|-damage|p2a: Ferrothorn|84/100|[from] item: Rocky Helmet|[of] p1a: Skarmory
|-enditem|p1a: Skarmory|Rocky Helmet|[from] move: Knock Off|[of] p2a: Ferrothorn
|
|-weather|Sandstorm|[upkeep]
|-heal|p2a: Ferrothorn|90/100|[from] item: Leftovers
|upkeep
|turn|7
|
|t:|1644082334
|move|p1a: Skarmory|Spikes|p2a: Ferrothorn
|-sidestart|p2: MTV BRATVA|Spikes
|move|p2a: Ferrothorn|Spikes|p1a: Skarmory
|-sidestart|p1: toytean|Spikes
|
|-weather|Sandstorm|[upkeep]
|-heal|p2a: Ferrothorn|96/100|[from] item: Leftovers
|upkeep
|turn|8
|
|t:|1644082340
|move|p1a: Skarmory|Spikes|p2a: Ferrothorn
|-sidestart|p2: MTV BRATVA|Spikes
|move|p2a: Ferrothorn|Spikes|p1a: Skarmory
|-sidestart|p1: toytean|Spikes
|
|-weather|Sandstorm|[upkeep]
|-heal|p2a: Ferrothorn|100/100|[from] item: Leftovers
|upkeep
|turn|9
|
|t:|1644082344
|move|p2a: Ferrothorn|Spikes|p1a: Skarmory
|-sidestart|p1: toytean|Spikes
|move|p1a: Skarmory|Whirlwind|p2a: Ferrothorn
|drag|p2a: Scizor|Scizor, F|84/100
|-damage|p2a: Scizor|59/100|[from] Spikes
|
|-weather|Sandstorm|[upkeep]
|upkeep
|turn|10
|inactive|MTV BRATVA has 270 seconds left.
|
|t:|1644082352
|move|p2a: Scizor|U-turn|p1a: Skarmory
|-resisted|p1a: Skarmory
|-damage|p1a: Skarmory|87/100
|
|t:|1644082354
|switch|p2a: Landorus|Landorus-Therian, M|100/100|[from]move: U-turn
|-ability|p2a: Landorus|Intimidate|boost
|-unboost|p1a: Skarmory|atk|1
|move|p1a: Skarmory|Whirlwind|p2a: Landorus
|drag|p2a: Scizor|Scizor, F|59/100
|-damage|p2a: Scizor|34/100|[from] Spikes
|
|-weather|Sandstorm|[upkeep]
|upkeep
|turn|11
|
|t:|1644082357
|move|p2a: Scizor|Superpower|p1a: Skarmory
|-damage|p1a: Skarmory|38/100
|-unboost|p2a: Scizor|atk|1
|-unboost|p2a: Scizor|def|1
|move|p1a: Skarmory|Whirlwind|p2a: Scizor
|drag|p2a: Rotom|Rotom-Wash|100/100
|
|-weather|Sandstorm|[upkeep]
|-damage|p2a: Rotom|95/100|[from] Sandstorm
|-heal|p2a: Rotom|100/100|[from] item: Leftovers
|upkeep
|turn|12
|
|t:|1644082382
|switch|p1a: Gastrodon|Gastrodon, M|22/100 tox
|-damage|p1a: Gastrodon|0 fnt|[from] Spikes
|faint|p1a: Gastrodon
|move|p2a: Rotom|Volt Switch|p1: Gastrodon|[notarget]
|-fail|p2a: Rotom
|
|-weather|Sandstorm|[upkeep]
|-damage|p2a: Rotom|95/100|[from] Sandstorm
|-heal|p2a: Rotom|100/100|[from] item: Leftovers
|upkeep
|
|t:|1644082384
|switch|p1a: Reuniclus|Reuniclus, M|100/100
|turn|13
|
|t:|1644082390
|move|p2a: Rotom|Volt Switch|p1a: Reuniclus
|-crit|p1a: Reuniclus
|-damage|p1a: Reuniclus|57/100
|
|t:|1644082392
|switch|p2a: Latios|Latios, M|100/100|[from]move: Volt Switch
|move|p1a: Reuniclus|Calm Mind|p1a: Reuniclus
|-boost|p1a: Reuniclus|spa|1
|-boost|p1a: Reuniclus|spd|1
|
|-weather|Sandstorm|[upkeep]
|-damage|p2a: Latios|95/100|[from] Sandstorm
|-heal|p1a: Reuniclus|63/100|[from] item: Leftovers
|upkeep
|turn|14
|
|t:|1644082415
|switch|p2a: Rotom|Rotom-Wash|100/100
|switch|p1a: Tyranitar|Tyranitar, F|100/100
|-damage|p1a: Tyranitar|88/100|[from] Stealth Rock
|-damage|p1a: Tyranitar|63/100|[from] Spikes
|
|-weather|Sandstorm|[upkeep]
|-damage|p2a: Rotom|95/100|[from] Sandstorm
|-heal|p2a: Rotom|100/100|[from] item: Leftovers
|upkeep
|turn|15
|
|t:|1644082421
|move|p2a: Rotom|Volt Switch|p1a: Tyranitar
|-damage|p1a: Tyranitar|50/100
|
|t:|1644082425
|switch|p2a: Landorus|Landorus-Therian, M|100/100|[from]move: Volt Switch
|-ability|p2a: Landorus|Intimidate|boost
|-unboost|p1a: Tyranitar|atk|1
|move|p1a: Tyranitar|Stealth Rock|p2a: Landorus
|-sidestart|p2: MTV BRATVA|move: Stealth Rock
|
|-weather|Sandstorm|[upkeep]
|upkeep
|turn|16
|
|t:|1644082435
|move|p2a: Landorus|U-turn|p1a: Tyranitar
|-supereffective|p1a: Tyranitar
|-damage|p1a: Tyranitar|12/100
|
|t:|1644082441
|switch|p2a: Scizor|Scizor, F|34/100|[from]move: U-turn
|-damage|p2a: Scizor|22/100|[from] Stealth Rock
|-damage|p2a: Scizor|0 fnt|[from] Spikes
|faint|p2a: Scizor
|move|p1a: Tyranitar|Fire Blast|p2: Scizor|[notarget]
|-fail|p1a: Tyranitar
|
|-weather|Sandstorm|[upkeep]
|upkeep
|
|t:|1644082453
|switch|p2a: Latios|Latios, M|95/100
|-damage|p2a: Latios|82/100|[from] Stealth Rock
|turn|17
|
|t:|1644082456
|move|p2a: Latios|Surf|p1a: Tyranitar
|-supereffective|p1a: Tyranitar
|-damage|p1a: Tyranitar|0 fnt
|faint|p1a: Tyranitar
|
|-weather|Sandstorm|[upkeep]
|-damage|p2a: Latios|76/100|[from] Sandstorm
|upkeep
|
|t:|1644082460
|switch|p1a: Reuniclus|Reuniclus, M|63/100
|turn|18
|inactive|MTV BRATVA has 270 seconds left.
|
|t:|1644082500
|switch|p2a: Rotom|Rotom-Wash|100/100
|-damage|p2a: Rotom|88/100|[from] Stealth Rock
|move|p1a: Reuniclus|Recover|p1a: Reuniclus
|-heal|p1a: Reuniclus|100/100
|
|-weather|Sandstorm|[upkeep]
|-damage|p2a: Rotom|82/100|[from] Sandstorm
|-heal|p2a: Rotom|88/100|[from] item: Leftovers
|upkeep
|turn|19
|inactive|MTV BRATVA has 270 seconds left.
|
|t:|1644082515
|move|p2a: Rotom|Hydro Pump|p1a: Reuniclus
|-damage|p1a: Reuniclus|59/100
|move|p1a: Reuniclus|Psyshock|p2a: Rotom
|-damage|p2a: Rotom|55/100
|
|-weather|Sandstorm|[upkeep]
|-damage|p2a: Rotom|49/100|[from] Sandstorm
|-heal|p2a: Rotom|55/100|[from] item: Leftovers
|-heal|p1a: Reuniclus|66/100|[from] item: Leftovers
|upkeep
|turn|20
|
|t:|1644082521
|move|p2a: Rotom|Volt Switch|p1a: Reuniclus
|-damage|p1a: Reuniclus|44/100
|
|t:|1644082524
|switch|p2a: Latios|Latios, M|76/100|[from]move: Volt Switch
|-damage|p2a: Latios|64/100|[from] Stealth Rock
|move|p1a: Reuniclus|Recover|p1a: Reuniclus
|-heal|p1a: Reuniclus|94/100
|
|-weather|Sandstorm|[upkeep]
|-damage|p2a: Latios|58/100|[from] Sandstorm
|-heal|p1a: Reuniclus|99/100|[from] item: Leftovers
|upkeep
|turn|21
|
|t:|1644082532
|switch|p1a: Skarmory|Skarmory, F|38/100
|-damage|p1a: Skarmory|26/100|[from] Stealth Rock
|move|p2a: Latios|Draco Meteor|p1a: Skarmory
|-resisted|p1a: Skarmory
|-damage|p1a: Skarmory|0 fnt
|-unboost|p2a: Latios|spa|2
|faint|p1a: Skarmory
|
|-weather|Sandstorm|[upkeep]
|-damage|p2a: Latios|52/100|[from] Sandstorm
|upkeep
|
|t:|1644082536
|switch|p1a: Alakazam|Alakazam, F|100/100
|turn|22
|
|t:|1644082549
|switch|p2a: Ferrothorn|Ferrothorn, F|100/100
|-damage|p2a: Ferrothorn|76/100|[from] Spikes
|-damage|p2a: Ferrothorn|70/100|[from] Stealth Rock
|move|p1a: Alakazam|Focus Blast|p2a: Ferrothorn
|-supereffective|p2a: Ferrothorn
|-damage|p2a: Ferrothorn|16/100
|-unboost|p2a: Ferrothorn|spd|1
|
|-weather|Sandstorm|[upkeep]
|-heal|p2a: Ferrothorn|22/100|[from] item: Leftovers
|upkeep
|turn|23
|inactive|toytean has 270 seconds left.
|
|t:|1644082593
|move|p1a: Alakazam|Hidden Power|p2a: Ferrothorn
|-damage|p2a: Ferrothorn|0 fnt
|faint|p2a: Ferrothorn
|
|-weather|Sandstorm|[upkeep]
|upkeep
|
|t:|1644082597
|switch|p2a: Landorus|Landorus-Therian, M|100/100
|-damage|p2a: Landorus|88/100|[from] Stealth Rock
|-ability|p2a: Landorus|Intimidate|boost
|-unboost|p1a: Alakazam|atk|1
|turn|24
|inactive|toytean has 270 seconds left.
|
|t:|1644082624
|move|p2a: Landorus|U-turn|p1a: Alakazam
|-supereffective|p1a: Alakazam
|-crit|p1a: Alakazam
|-enditem|p1a: Alakazam|Focus Sash
|-damage|p1a: Alakazam|1/100
|
|t:|1644082629
|switch|p2a: Rotom|Rotom-Wash|55/100|[from]move: U-turn
|-damage|p2a: Rotom|43/100|[from] Stealth Rock
|move|p1a: Alakazam|Hidden Power|p2a: Rotom
|-resisted|p2a: Rotom
|-damage|p2a: Rotom|33/100
|
|-weather|Sandstorm|[upkeep]
|-damage|p2a: Rotom|27/100|[from] Sandstorm
|-heal|p2a: Rotom|33/100|[from] item: Leftovers
|upkeep
|turn|25
|inactive|MTV BRATVA has 270 seconds left.
|
|t:|1644082664
|move|p1a: Alakazam|Psychic|p2a: Rotom
|-damage|p2a: Rotom|0 fnt
|faint|p2a: Rotom
|
|-weather|Sandstorm|[upkeep]
|upkeep
|
|t:|1644082669
|switch|p2a: Landorus|Landorus-Therian, M|88/100
|-damage|p2a: Landorus|76/100|[from] Stealth Rock
|-ability|p2a: Landorus|Intimidate|boost
|-unboost|p1a: Alakazam|atk|1
|turn|26
|
|t:|1644082676
|switch|p1a: Reuniclus|Reuniclus, M|99/100
|move|p2a: Landorus|U-turn|p1a: Reuniclus
|-supereffective|p1a: Reuniclus
|-damage|p1a: Reuniclus|65/100
|
|t:|1644082678
|switch|p2a: Latios|Latios, M|52/100|[from]move: U-turn
|-damage|p2a: Latios|40/100|[from] Stealth Rock
|
|-weather|Sandstorm|[upkeep]
|-damage|p2a: Latios|34/100|[from] Sandstorm
|-heal|p1a: Reuniclus|71/100|[from] item: Leftovers
|upkeep
|turn|27
|inactive|MTV BRATVA has 270 seconds left.
|inactive|toytean has 270 seconds left.
|
|t:|1644082721
|switch|p2a: Landorus|Landorus-Therian, M|76/100
|-damage|p2a: Landorus|64/100|[from] Stealth Rock
|-ability|p2a: Landorus|Intimidate|boost
|-unboost|p1a: Reuniclus|atk|1
|switch|p1a: Alakazam|Alakazam, F|1/100
|
|-weather|Sandstorm|[upkeep]
|upkeep
|turn|28
|inactive|toytean has 270 seconds left.
|c|☆MTV BRATVA|ah claro
|c|☆MTV BRATVA|gg
|c|☆MTV BRATVA|era scarfchomp
|c|☆MTV BRATVA|no me acordaba del team
|inactive|MTV BRATVA has 240 seconds left.
|c|☆MTV BRATVA|hasta ahora
|
|t:|1644082748
|move|p2a: Landorus|Earthquake|p1a: Alakazam
|-crit|p1a: Alakazam
|-damage|p1a: Alakazam|0 fnt
|faint|p1a: Alakazam
|
|-weather|Sandstorm|[upkeep]
|upkeep
|c|+mars and back|is this ssnl
|inactive|toytean has 240 seconds left.
|c|☆MTV BRATVA|no
|
|t:|1644082776
|switch|p1a: Garchomp|Garchomp, M|100/100
|-damage|p1a: Garchomp|94/100|[from] Stealth Rock
|-damage|p1a: Garchomp|69/100|[from] Spikes
|turn|29
|
|t:|1644082785
|move|p1a: Garchomp|Outrage|p2a: Landorus
|-damage|p2a: Landorus|0 fnt
|faint|p2a: Landorus
|
|-weather|Sandstorm|[upkeep]
|upkeep
|
|t:|1644082789
|switch|p2a: Latios|Latios, M|34/100
|-damage|p2a: Latios|21/100|[from] Stealth Rock
|turn|30
|
|t:|1644082791
|move|p1a: Garchomp|Outrage|p2a: Latios|[from]lockedmove
|-supereffective|p2a: Latios
|-damage|p2a: Latios|0 fnt
|faint|p2a: Latios
|
|win|toytean
|c|☆toytean|gg
