|inactive|Battle timer is ON: inactive players will automatically lose when time's up.
|t:|1644096532
|gametype|singles
|player|p1|TopLel TopKek|rood|
|player|p2|gilbert arenas|#splxiiityrants|
|teamsize|p1|6
|teamsize|p2|6
|gen|5
|tier|[Gen 5] OU
|rule|Species Clause: Limit one of each Pokémon
|rule|OHKO Clause: OHKO moves are banned
|rule|Moody Clause: Moody is banned
|rule|Evasion Moves Clause: Evasion moves are banned
|rule|Endless Battle Clause: Forcing endless battles is banned
|rule|HP Percentage Mod: HP is shown in percentages
|rule|Evasion Abilities Clause: Evasion abilities are banned
|rule|Sleep Clause: Sleep-inducing moves are banned
|rule|Swagger Clause: Swagger is banned
|clearpoke
|poke|p1|Dragonite, M|item
|poke|p1|Politoed, M|item
|poke|p1|Jirachi|item
|poke|p1|Landorus-Therian, M|item
|poke|p1|Toxicroak, F|item
|poke|p1|Ferrothorn, M|item
|poke|p2|Tyranitar, M|item
|poke|p2|Gliscor, M|item
|poke|p2|Reuniclus, M|item
|poke|p2|Skarmory, M|item
|poke|p2|Gastrodon-East, M|item
|poke|p2|Alakazam, M|item
|teampreview
|c|☆gilbert arenas|hf
|c|☆TopLel TopKek|hf
|
|t:|1644096556
|start
|switch|p1a: Ferrothorn|Ferrothorn, M|100/100
|switch|p2a: Gliscor|Gliscor, M|100/100
|turn|1
|
|t:|1644096559
|move|p2a: Gliscor|Protect|p2a: Gliscor
|-singleturn|p2a: Gliscor|Protect
|move|p1a: Ferrothorn|Stealth Rock|p2a: Gliscor
|-sidestart|p2: gilbert arenas|move: Stealth Rock
|
|-status|p2a: Gliscor|tox|[from] item: Toxic Orb
|upkeep
|turn|2
|
|t:|1644096564
|move|p2a: Gliscor|Stealth Rock|p1a: Ferrothorn
|-sidestart|p1: TopLel TopKek|move: Stealth Rock
|move|p1a: Ferrothorn|Leech Seed|p2a: Gliscor
|-start|p2a: Gliscor|move: Leech Seed
|
|-damage|p2a: Gliscor|88/100 tox|[from] Leech Seed|[of] p1a: Ferrothorn
|-heal|p2a: Gliscor|100/100 tox|[from] ability: Poison Heal
|upkeep
|turn|3
|
|t:|1644096569
|move|p2a: Gliscor|U-turn|p1a: Ferrothorn
|-damage|p1a: Ferrothorn|90/100
|-damage|p2a: Gliscor|88/100 tox|[from] ability: Iron Barbs|[of] p1a: Ferrothorn
|
|t:|1644096571
|switch|p2a: Skarmory|Skarmory, M|100/100|[from]move: U-turn
|-damage|p2a: Skarmory|88/100|[from] Stealth Rock
|move|p1a: Ferrothorn|Thunder Wave|p2a: Skarmory
|-status|p2a: Skarmory|par
|
|-heal|p1a: Ferrothorn|96/100|[from] item: Leftovers
|-heal|p2a: Skarmory|94/100 par|[from] item: Leftovers
|upkeep
|turn|4
|
|t:|1644096581
|switch|p1a: Politoed|Politoed, M|100/100
|-damage|p1a: Politoed|88/100|[from] Stealth Rock
|-weather|RainDance|[from] ability: Drizzle|[of] p1a: Politoed
|move|p2a: Skarmory|Spikes|p1a: Politoed
|-sidestart|p1: TopLel TopKek|Spikes
|
|-weather|RainDance|[upkeep]
|-heal|p2a: Skarmory|100/100 par|[from] item: Leftovers
|upkeep
|turn|5
|
|t:|1644096588
|move|p1a: Politoed|Hidden Power|p2a: Skarmory
|-resisted|p2a: Skarmory
|-damage|p2a: Skarmory|93/100 par
|cant|p2a: Skarmory|par
|
|-weather|RainDance|[upkeep]
|-heal|p2a: Skarmory|99/100 par|[from] item: Leftovers
|upkeep
|turn|6
|
|t:|1644096596
|move|p1a: Politoed|Hidden Power|p2a: Skarmory
|-resisted|p2a: Skarmory
|-damage|p2a: Skarmory|92/100 par
|move|p2a: Skarmory|Spikes|p1a: Politoed
|-sidestart|p1: TopLel TopKek|Spikes
|
|-weather|RainDance|[upkeep]
|-heal|p2a: Skarmory|98/100 par|[from] item: Leftovers
|upkeep
|turn|7
|
|t:|1644096607
|switch|p1a: Dragonite|Dragonite, M|100/100
|-damage|p1a: Dragonite|76/100|[from] Stealth Rock
|switch|p2a: Tyranitar|Tyranitar, M|100/100
|-damage|p2a: Tyranitar|88/100|[from] Stealth Rock
|-weather|Sandstorm|[from] ability: Sand Stream|[of] p2a: Tyranitar
|
|-weather|Sandstorm|[upkeep]
|-damage|p1a: Dragonite|70/100|[from] Sandstorm
|upkeep
|turn|8
|
|t:|1644096618
|switch|p1a: Toxicroak|Toxicroak, F|100/100
|-damage|p1a: Toxicroak|84/100|[from] Spikes
|-damage|p1a: Toxicroak|78/100|[from] Stealth Rock
|move|p2a: Tyranitar|Ice Beam|p1a: Toxicroak
|-damage|p1a: Toxicroak|44/100
|
|-weather|Sandstorm|[upkeep]
|-damage|p1a: Toxicroak|38/100|[from] Sandstorm
|upkeep
|turn|9
|
|t:|1644096623
|switch|p2a: Reuniclus|Reuniclus, M|100/100
|move|p1a: Toxicroak|Drain Punch|p2a: Reuniclus
|-resisted|p2a: Reuniclus
|-damage|p2a: Reuniclus|85/100
|-heal|p1a: Toxicroak|49/100|[from] drain|[of] p2a: Reuniclus
|-damage|p1a: Toxicroak|39/100|[from] item: Life Orb
|
|-weather|Sandstorm|[upkeep]
|-damage|p1a: Toxicroak|33/100|[from] Sandstorm
|-heal|p2a: Reuniclus|91/100|[from] item: Leftovers
|upkeep
|turn|10
|
|t:|1644096630
|move|p1a: Toxicroak|Swords Dance|p1a: Toxicroak
|-boost|p1a: Toxicroak|atk|2
|move|p2a: Reuniclus|Thunder|p1a: Toxicroak
|-damage|p1a: Toxicroak|0 fnt
|faint|p1a: Toxicroak
|
|-weather|Sandstorm|[upkeep]
|-heal|p2a: Reuniclus|97/100|[from] item: Leftovers
|upkeep
|
|t:|1644096643
|switch|p1a: Landorus|Landorus-Therian, M|100/100
|-damage|p1a: Landorus|88/100|[from] Stealth Rock
|-ability|p1a: Landorus|Intimidate|boost
|-unboost|p2a: Reuniclus|atk|1
|turn|11
|
|t:|1644096646
|move|p1a: Landorus|U-turn|p2a: Reuniclus
|-supereffective|p2a: Reuniclus
|-damage|p2a: Reuniclus|62/100
|
|t:|1644096649
|switch|p1a: Ferrothorn|Ferrothorn, M|96/100|[from]move: U-turn
|-damage|p1a: Ferrothorn|90/100|[from] Stealth Rock
|-damage|p1a: Ferrothorn|74/100|[from] Spikes
|move|p2a: Reuniclus|Hidden Power|p1a: Ferrothorn
|-damage|p1a: Ferrothorn|59/100
|
|-weather|Sandstorm|[upkeep]
|-heal|p2a: Reuniclus|68/100|[from] item: Leftovers
|-heal|p1a: Ferrothorn|65/100|[from] item: Leftovers
|upkeep
|turn|12
|
|t:|1644096657
|switch|p2a: Skarmory|Skarmory, M|98/100 par
|-damage|p2a: Skarmory|86/100 par|[from] Stealth Rock
|move|p1a: Ferrothorn|Power Whip|p2a: Skarmory
|-resisted|p2a: Skarmory
|-damage|p2a: Skarmory|79/100 par
|
|-weather|Sandstorm|[upkeep]
|-heal|p1a: Ferrothorn|72/100|[from] item: Leftovers
|-heal|p2a: Skarmory|85/100 par|[from] item: Leftovers
|upkeep
|turn|13
|
|t:|1644096667
|move|p1a: Ferrothorn|Leech Seed|p2a: Skarmory|[miss]
|-miss|p1a: Ferrothorn|p2a: Skarmory
|move|p2a: Skarmory|Spikes|p1a: Ferrothorn
|-sidestart|p1: TopLel TopKek|Spikes
|
|-weather|Sandstorm|[upkeep]
|-heal|p1a: Ferrothorn|78/100|[from] item: Leftovers
|-heal|p2a: Skarmory|91/100 par|[from] item: Leftovers
|upkeep
|turn|14
|
|t:|1644096672
|move|p1a: Ferrothorn|Power Whip|p2a: Skarmory
|-resisted|p2a: Skarmory
|-damage|p2a: Skarmory|84/100 par
|move|p2a: Skarmory|Whirlwind|p1a: Ferrothorn
|drag|p1a: Landorus|Landorus-Therian, M|88/100
|-damage|p1a: Landorus|75/100|[from] Stealth Rock
|-ability|p1a: Landorus|Intimidate|boost
|-unboost|p2a: Skarmory|atk|1
|
|-weather|Sandstorm|[upkeep]
|-heal|p2a: Skarmory|90/100 par|[from] item: Leftovers
|upkeep
|turn|15
|
|t:|1644096676
|move|p1a: Landorus|Stone Edge|p2a: Skarmory|[miss]
|-miss|p1a: Landorus|p2a: Skarmory
|move|p2a: Skarmory|Whirlwind|p1a: Landorus
|drag|p1a: Dragonite|Dragonite, M|70/100
|-damage|p1a: Dragonite|45/100|[from] Stealth Rock
|
|-weather|Sandstorm|[upkeep]
|-damage|p1a: Dragonite|39/100|[from] Sandstorm
|-heal|p2a: Skarmory|96/100 par|[from] item: Leftovers
|upkeep
|turn|16
|
|t:|1644096679
|move|p1a: Dragonite|Thunder|p2a: Skarmory
|-supereffective|p2a: Skarmory
|-damage|p2a: Skarmory|2/100 par
|move|p2a: Skarmory|Whirlwind|p1a: Dragonite
|drag|p1a: Ferrothorn|Ferrothorn, M|78/100
|-damage|p1a: Ferrothorn|72/100|[from] Stealth Rock
|-damage|p1a: Ferrothorn|47/100|[from] Spikes
|
|-weather|Sandstorm|[upkeep]
|-heal|p1a: Ferrothorn|53/100|[from] item: Leftovers
|-heal|p2a: Skarmory|8/100 par|[from] item: Leftovers
|upkeep
|turn|17
|
|t:|1644096684
|move|p1a: Ferrothorn|Power Whip|p2a: Skarmory
|-resisted|p2a: Skarmory
|-damage|p2a: Skarmory|2/100 par
|cant|p2a: Skarmory|par
|
|-weather|Sandstorm|[upkeep]
|-heal|p1a: Ferrothorn|59/100|[from] item: Leftovers
|-heal|p2a: Skarmory|8/100 par|[from] item: Leftovers
|upkeep
|turn|18
|
|t:|1644096693
|move|p1a: Ferrothorn|Leech Seed|p2a: Skarmory
|-start|p2a: Skarmory|move: Leech Seed
|cant|p2a: Skarmory|par
|
|-weather|Sandstorm|[upkeep]
|-heal|p1a: Ferrothorn|65/100|[from] item: Leftovers
|-heal|p2a: Skarmory|14/100 par|[from] item: Leftovers
|-damage|p2a: Skarmory|2/100 par|[from] Leech Seed|[of] p1a: Ferrothorn
|-heal|p1a: Ferrothorn|77/100|[silent]
|upkeep
|turn|19
|
|t:|1644096701
|switch|p2a: Gliscor|Gliscor, M|88/100 tox
|-damage|p2a: Gliscor|76/100 tox|[from] Stealth Rock
|move|p1a: Ferrothorn|Power Whip|p2a: Gliscor
|-damage|p2a: Gliscor|45/100 tox
|
|-weather|Sandstorm|[upkeep]
|-heal|p1a: Ferrothorn|83/100|[from] item: Leftovers
|-heal|p2a: Gliscor|57/100 tox|[from] ability: Poison Heal
|upkeep
|turn|20
|
|t:|1644096707
|move|p2a: Gliscor|Protect|p2a: Gliscor
|-singleturn|p2a: Gliscor|Protect
|move|p1a: Ferrothorn|Leech Seed|p2a: Gliscor
|-activate|p2a: Gliscor|move: Protect
|
|-weather|Sandstorm|[upkeep]
|-heal|p1a: Ferrothorn|89/100|[from] item: Leftovers
|-heal|p2a: Gliscor|70/100 tox|[from] ability: Poison Heal
|upkeep
|turn|21
|
|t:|1644096714
|switch|p2a: Reuniclus|Reuniclus, M|68/100
|move|p1a: Ferrothorn|Thunder Wave|p2a: Reuniclus
|-status|p2a: Reuniclus|par
|
|-weather|Sandstorm|[upkeep]
|-heal|p1a: Ferrothorn|95/100|[from] item: Leftovers
|-heal|p2a: Reuniclus|74/100 par|[from] item: Leftovers
|upkeep
|turn|22
|
|t:|1644096719
|move|p1a: Ferrothorn|Power Whip|p2a: Reuniclus|[miss]
|-miss|p1a: Ferrothorn|p2a: Reuniclus
|cant|p2a: Reuniclus|par
|
|-weather|Sandstorm|[upkeep]
|-heal|p1a: Ferrothorn|100/100|[from] item: Leftovers
|-heal|p2a: Reuniclus|81/100 par|[from] item: Leftovers
|upkeep
|turn|23
|
|t:|1644096721
|move|p1a: Ferrothorn|Power Whip|p2a: Reuniclus|[miss]
|-miss|p1a: Ferrothorn|p2a: Reuniclus
|move|p2a: Reuniclus|Calm Mind|p2a: Reuniclus
|-boost|p2a: Reuniclus|spa|1
|-boost|p2a: Reuniclus|spd|1
|
|-weather|Sandstorm|[upkeep]
|-heal|p2a: Reuniclus|87/100 par|[from] item: Leftovers
|upkeep
|turn|24
|
|t:|1644096733
|move|p1a: Ferrothorn|Power Whip|p2a: Reuniclus
|-damage|p2a: Reuniclus|60/100 par
|move|p2a: Reuniclus|Thunder|p1a: Ferrothorn
|-resisted|p1a: Ferrothorn
|-damage|p1a: Ferrothorn|84/100
|
|-weather|Sandstorm|[upkeep]
|-heal|p1a: Ferrothorn|90/100|[from] item: Leftovers
|-heal|p2a: Reuniclus|66/100 par|[from] item: Leftovers
|upkeep
|turn|25
|
|t:|1644096743
|move|p1a: Ferrothorn|Power Whip|p2a: Reuniclus
|-damage|p2a: Reuniclus|40/100 par
|cant|p2a: Reuniclus|par
|
|-weather|Sandstorm|[upkeep]
|-heal|p1a: Ferrothorn|97/100|[from] item: Leftovers
|-heal|p2a: Reuniclus|46/100 par|[from] item: Leftovers
|upkeep
|turn|26
|
|t:|1644096747
|switch|p1a: Jirachi|Jirachi|100/100
|-damage|p1a: Jirachi|76/100|[from] Spikes
|-damage|p1a: Jirachi|70/100|[from] Stealth Rock
|move|p2a: Reuniclus|Recover|p2a: Reuniclus
|-heal|p2a: Reuniclus|96/100 par
|
|-weather|Sandstorm|[upkeep]
|-heal|p1a: Jirachi|76/100|[from] item: Leftovers
|-heal|p2a: Reuniclus|100/100 par|[from] item: Leftovers
|upkeep
|turn|27
|
|t:|1644096750
|switch|p2a: Gastrodon|Gastrodon-East, M|100/100
|-damage|p2a: Gastrodon|94/100|[from] Stealth Rock
|move|p1a: Jirachi|Calm Mind|p1a: Jirachi
|-boost|p1a: Jirachi|spa|1
|-boost|p1a: Jirachi|spd|1
|
|-weather|Sandstorm|[upkeep]
|-heal|p1a: Jirachi|82/100|[from] item: Leftovers
|-heal|p2a: Gastrodon|100/100|[from] item: Leftovers
|upkeep
|turn|28
|
|t:|1644096756
|switch|p1a: Ferrothorn|Ferrothorn, M|97/100
|-damage|p1a: Ferrothorn|72/100|[from] Spikes
|-damage|p1a: Ferrothorn|65/100|[from] Stealth Rock
|move|p2a: Gastrodon|Earthquake|p1a: Ferrothorn
|-damage|p1a: Ferrothorn|47/100
|
|-weather|Sandstorm|[upkeep]
|-heal|p1a: Ferrothorn|53/100|[from] item: Leftovers
|upkeep
|turn|29
|
|t:|1644096782
|switch|p2a: Skarmory|Skarmory, M|2/100 par
|-damage|p2a: Skarmory|0 fnt|[from] Stealth Rock
|faint|p2a: Skarmory
|move|p1a: Ferrothorn|Power Whip|p2: Skarmory|[notarget]
|-fail|p1a: Ferrothorn
|
|-weather|Sandstorm|[upkeep]
|-heal|p1a: Ferrothorn|60/100|[from] item: Leftovers
|upkeep
|
|t:|1644096784
|switch|p2a: Alakazam|Alakazam, M|100/100
|turn|30
|
|t:|1644096788
|move|p2a: Alakazam|Hidden Power|p1a: Ferrothorn
|-supereffective|p1a: Ferrothorn
|-damage|p1a: Ferrothorn|0 fnt
|faint|p1a: Ferrothorn
|
|-weather|Sandstorm|[upkeep]
|upkeep
|
|t:|1644096790
|switch|p1a: Landorus|Landorus-Therian, M|75/100
|-damage|p1a: Landorus|63/100|[from] Stealth Rock
|-ability|p1a: Landorus|Intimidate|boost
|-unboost|p2a: Alakazam|atk|1
|turn|31
|
|t:|1644096797
|switch|p2a: Gliscor|Gliscor, M|70/100 tox
|-damage|p2a: Gliscor|57/100 tox|[from] Stealth Rock
|move|p1a: Landorus|U-turn|p2a: Gliscor
|-resisted|p2a: Gliscor
|-damage|p2a: Gliscor|48/100 tox
|
|t:|1644096802
|switch|p1a: Politoed|Politoed, M|88/100|[from]move: U-turn
|-damage|p1a: Politoed|63/100|[from] Spikes
|-damage|p1a: Politoed|50/100|[from] Stealth Rock
|-weather|RainDance|[from] ability: Drizzle|[of] p1a: Politoed
|
|-weather|RainDance|[upkeep]
|-heal|p2a: Gliscor|60/100 tox|[from] ability: Poison Heal
|upkeep
|turn|32
|
|t:|1644096807
|move|p2a: Gliscor|Protect|p2a: Gliscor
|-singleturn|p2a: Gliscor|Protect
|move|p1a: Politoed|Hidden Power|p2a: Gliscor
|-activate|p2a: Gliscor|move: Protect
|
|-weather|RainDance|[upkeep]
|-heal|p2a: Gliscor|73/100 tox|[from] ability: Poison Heal
|upkeep
|turn|33
|
|t:|1644096812
|move|p1a: Politoed|Hidden Power|p2a: Gliscor
|-damage|p2a: Gliscor|48/100 tox
|move|p2a: Gliscor|Earthquake|p1a: Politoed
|-damage|p1a: Politoed|11/100
|
|-weather|RainDance|[upkeep]
|-heal|p2a: Gliscor|61/100 tox|[from] ability: Poison Heal
|upkeep
|turn|34
|
|t:|1644096816
|move|p2a: Gliscor|Protect|p2a: Gliscor
|-singleturn|p2a: Gliscor|Protect
|move|p1a: Politoed|Hidden Power|p2a: Gliscor
|-activate|p2a: Gliscor|move: Protect
|
|-weather|RainDance|[upkeep]
|-heal|p2a: Gliscor|73/100 tox|[from] ability: Poison Heal
|upkeep
|turn|35
|
|t:|1644096822
|move|p1a: Politoed|Hidden Power|p2a: Gliscor
|-crit|p2a: Gliscor
|-damage|p2a: Gliscor|18/100 tox
|move|p2a: Gliscor|U-turn|p1a: Politoed
|-damage|p1a: Politoed|0 fnt
|faint|p1a: Politoed
|
|t:|1644096825
|switch|p2a: Tyranitar|Tyranitar, M|88/100|[from]move: U-turn
|-damage|p2a: Tyranitar|76/100|[from] Stealth Rock
|-weather|Sandstorm|[from] ability: Sand Stream|[of] p2a: Tyranitar
|
|-weather|Sandstorm|[upkeep]
|upkeep
|
|t:|1644096834
|switch|p1a: Landorus|Landorus-Therian, M|63/100
|-damage|p1a: Landorus|50/100|[from] Stealth Rock
|-ability|p1a: Landorus|Intimidate|boost
|-unboost|p2a: Tyranitar|atk|1
|turn|36
|
|t:|1644096843
|switch|p2a: Gliscor|Gliscor, M|18/100 tox
|-damage|p2a: Gliscor|6/100 tox|[from] Stealth Rock
|move|p1a: Landorus|Earthquake|p2a: Gliscor
|-immune|p2a: Gliscor
|
|-weather|Sandstorm|[upkeep]
|-heal|p2a: Gliscor|18/100 tox|[from] ability: Poison Heal
|upkeep
|turn|37
|
|t:|1644096854
|switch|p1a: Dragonite|Dragonite, M|39/100
|-damage|p1a: Dragonite|14/100|[from] Stealth Rock
|move|p2a: Gliscor|U-turn|p1a: Dragonite
|-resisted|p1a: Dragonite
|-damage|p1a: Dragonite|5/100
|
|t:|1644096858
|switch|p2a: Tyranitar|Tyranitar, M|76/100|[from]move: U-turn
|-damage|p2a: Tyranitar|64/100|[from] Stealth Rock
|
|-weather|Sandstorm|[upkeep]
|-damage|p1a: Dragonite|0 fnt|[from] Sandstorm
|faint|p1a: Dragonite
|upkeep
|
|t:|1644096861
|switch|p1a: Landorus|Landorus-Therian, M|50/100
|-damage|p1a: Landorus|38/100|[from] Stealth Rock
|-ability|p1a: Landorus|Intimidate|boost
|-unboost|p2a: Tyranitar|atk|1
|turn|38
|
|t:|1644096866
|switch|p2a: Gliscor|Gliscor, M|18/100 tox
|-damage|p2a: Gliscor|6/100 tox|[from] Stealth Rock
|move|p1a: Landorus|Superpower|p2a: Gliscor
|-resisted|p2a: Gliscor
|-damage|p2a: Gliscor|0 fnt
|-unboost|p1a: Landorus|atk|1
|-unboost|p1a: Landorus|def|1
|faint|p2a: Gliscor
|
|-weather|Sandstorm|[upkeep]
|upkeep
|
|t:|1644096870
|switch|p2a: Alakazam|Alakazam, M|100/100
|turn|39
|
|t:|1644096875
|move|p1a: Landorus|Superpower|p2a: Alakazam
|-resisted|p2a: Alakazam
|-damage|p2a: Alakazam|63/100
|-unboost|p1a: Landorus|atk|1
|-unboost|p1a: Landorus|def|1
|move|p2a: Alakazam|Hidden Power|p1a: Landorus
|-damage|p1a: Landorus|4/100
|
|-weather|Sandstorm|[upkeep]
|upkeep
|turn|40
|
|t:|1644096881
|move|p1a: Landorus|Superpower|p2a: Alakazam
|-resisted|p2a: Alakazam
|-damage|p2a: Alakazam|34/100
|-unboost|p1a: Landorus|atk|1
|-unboost|p1a: Landorus|def|1
|move|p2a: Alakazam|Psychic|p1a: Landorus
|-damage|p1a: Landorus|0 fnt
|faint|p1a: Landorus
|
|-weather|Sandstorm|[upkeep]
|upkeep
|
|t:|1644096883
|switch|p1a: Jirachi|Jirachi|82/100
|-damage|p1a: Jirachi|57/100|[from] Spikes
|-damage|p1a: Jirachi|51/100|[from] Stealth Rock
|turn|41
|
|t:|1644096887
|move|p2a: Alakazam|Thunder Wave|p1a: Jirachi
|-status|p1a: Jirachi|par
|cant|p1a: Jirachi|par
|
|-weather|Sandstorm|[upkeep]
|-heal|p1a: Jirachi|57/100 par|[from] item: Leftovers
|upkeep
|turn|42
|c|☆gilbert arenas|gg
|
|t:|1644096891
|move|p2a: Alakazam|Hidden Power|p1a: Jirachi
|-supereffective|p1a: Jirachi
|-damage|p1a: Jirachi|16/100 par
|move|p1a: Jirachi|Thunder|p2a: Alakazam
|-damage|p2a: Alakazam|0 fnt
|faint|p2a: Alakazam
|
|-weather|Sandstorm|[upkeep]
|-heal|p1a: Jirachi|22/100 par|[from] item: Leftovers
|upkeep
|
|t:|1644096894
|switch|p2a: Gastrodon|Gastrodon-East, M|100/100
|-damage|p2a: Gastrodon|94/100|[from] Stealth Rock
|turn|43
|c|☆TopLel TopKek|gg
|
|t:|1644096898
|move|p2a: Gastrodon|Earthquake|p1a: Jirachi
|-supereffective|p1a: Jirachi
|-crit|p1a: Jirachi
|-damage|p1a: Jirachi|0 fnt
|faint|p1a: Jirachi
|
|win|gilbert arenas
