|inactive|Battle timer is ON: inactive players will automatically lose when time's up.
|t:|1642211681
|gametype|singles
|player|p1|Monai|ninjaboy|
|player|p2|CB AARON JUDGE|gamer-gen3|
|teamsize|p1|6
|teamsize|p2|6
|gen|5
|tier|[Gen 5] NU
|rule|Species Clause: Limit one of each Pokémon
|rule|OHKO Clause: OHKO moves are banned
|rule|Moody Clause: Moody is banned
|rule|Evasion Moves Clause: Evasion moves are banned
|rule|Endless Battle Clause: Forcing endless battles is banned
|rule|HP Percentage Mod: HP is shown in percentages
|rule|Evasion Abilities Clause: Evasion abilities are banned
|rule|Swagger Clause: Swagger is banned
|rule|Baton Pass Clause: Limit one Baton Passer, can't pass Spe and other stats simultaneously
|rule|Sleep Clause Mod: Limit one foe put to sleep
|clearpoke
|poke|p1|Leafeon, F|item
|poke|p1|Carracosta, M|item
|poke|p1|Tauros, M|item
|poke|p1|Garbodor, F|item
|poke|p1|Rotom-Frost|item
|poke|p1|Gorebyss, F|item
|poke|p2|Golurk|item
|poke|p2|Garbodor, M|item
|poke|p2|Vileplume, F|item
|poke|p2|Skuntank, M|item
|poke|p2|Alomomola, F|item
|poke|p2|Charizard, M|item
|teampreview
|c|☆Monai|glhf gamer
|c|☆CB AARON JUDGE|u2
|inactive|Monai has 270 seconds left.
|inactive|CB AARON JUDGE has 270 seconds left.
|
|t:|1642211727
|start
|switch|p1a: Carracosta|Carracosta, M|100/100
|switch|p2a: Skuntank|Skuntank, M|100/100
|turn|1
|
|t:|1642211731
|move|p2a: Skuntank|Taunt|p1a: Carracosta
|-start|p1a: Carracosta|move: Taunt
|move|p1a: Carracosta|Hydro Pump|p2a: Skuntank
|-damage|p2a: Skuntank|32/100
|
|upkeep
|turn|2
|
|t:|1642211743
|switch|p2a: Vileplume|Vileplume, F|100/100
|move|p1a: Carracosta|Hydro Pump|p2a: Vileplume|[miss]
|-miss|p1a: Carracosta|p2a: Vileplume
|
|upkeep
|turn|3
|inactive|Monai has 270 seconds left.
|
|t:|1642211799
|switch|p1a: Gorebyss|Gorebyss, F|100/100
|move|p2a: Vileplume|Sleep Powder|p1a: Gorebyss
|-status|p1a: Gorebyss|slp|[from] move: Sleep Powder
|
|upkeep
|turn|4
|
|t:|1642211809
|switch|p1a: Garbodor|Garbodor, F|100/100
|move|p2a: Vileplume|Giga Drain|p1a: Garbodor
|-resisted|p1a: Garbodor
|-damage|p1a: Garbodor|72/100
|-damage|p2a: Vileplume|91/100|[from] item: Life Orb
|
|upkeep
|turn|5
|
|t:|1642211812
|switch|p2a: Golurk|Golurk|100/100
|move|p1a: Garbodor|Spikes|p2a: Golurk
|-sidestart|p2: CB AARON JUDGE|Spikes
|
|upkeep
|turn|6
|
|t:|1642211833
|switch|p1a: Leafeon|Leafeon, F|100/100
|move|p2a: Golurk|Stealth Rock|p1a: Leafeon
|-sidestart|p1: Monai|move: Stealth Rock
|
|upkeep
|turn|7
|
|t:|1642211841
|switch|p2a: Garbodor|Garbodor, M|100/100
|-damage|p2a: Garbodor|88/100|[from] Spikes
|move|p1a: Leafeon|Swords Dance|p1a: Leafeon
|-boost|p1a: Leafeon|atk|2
|
|upkeep
|turn|8
|
|t:|1642211844
|move|p1a: Leafeon|Double-Edge|p2a: Garbodor
|-enditem|p1a: Leafeon|Normal Gem|[from] gem
|-damage|p2a: Garbodor|0 fnt
|-damage|p1a: Leafeon|76/100|[from] ability: Aftermath|[of] p2a: Garbodor
|-damage|p1a: Leafeon|59/100|[from] item: Rocky Helmet|[of] p2a: Garbodor
|faint|p2a: Garbodor
|-damage|p1a: Leafeon|21/100|[from] Recoil
|
|upkeep
|
|t:|1642211857
|switch|p2a: Skuntank|Skuntank, M|32/100
|-damage|p2a: Skuntank|20/100|[from] Spikes
|turn|9
|
|t:|1642211864
|move|p2a: Skuntank|Sucker Punch||[still]
|-fail|p2a: Skuntank
|move|p1a: Leafeon|Synthesis|p1a: Leafeon
|-heal|p1a: Leafeon|71/100
|
|upkeep
|turn|10
|
|t:|1642211873
|move|p1a: Leafeon|Leaf Blade|p2a: Skuntank
|-resisted|p2a: Skuntank
|-damage|p2a: Skuntank|0 fnt
|-damage|p1a: Leafeon|46/100|[from] ability: Aftermath|[of] p2a: Skuntank
|faint|p2a: Skuntank
|
|upkeep
|
|t:|1642211879
|switch|p2a: Charizard|Charizard, M|100/100
|turn|11
|
|t:|1642211892
|move|p2a: Charizard|Air Slash|p1a: Leafeon
|-supereffective|p1a: Leafeon
|-damage|p1a: Leafeon|0 fnt
|faint|p1a: Leafeon
|
|upkeep
|
|t:|1642211898
|switch|p1a: Rotom|Rotom-Frost|100/100
|-damage|p1a: Rotom|76/100|[from] Stealth Rock
|turn|12
|
|t:|1642211920
|switch|p2a: Golurk|Golurk|100/100
|-damage|p2a: Golurk|88/100|[from] Spikes
|move|p1a: Rotom|Blizzard|p2a: Golurk
|-supereffective|p2a: Golurk
|-enditem|p2a: Golurk|Yache Berry|[eat]
|-enditem|p2a: Golurk|Yache Berry|[weaken]
|-damage|p2a: Golurk|35/100
|
|upkeep
|turn|13
|
|t:|1642211926
|move|p1a: Rotom|Blizzard|p2a: Golurk
|-supereffective|p2a: Golurk
|-crit|p2a: Golurk
|-damage|p2a: Golurk|0 fnt
|faint|p2a: Golurk
|
|upkeep
|
|t:|1642211930
|switch|p2a: Charizard|Charizard, M|100/100
|turn|14
|
|t:|1642211936
|switch|p1a: Carracosta|Carracosta, M|100/100
|-damage|p1a: Carracosta|88/100|[from] Stealth Rock
|move|p2a: Charizard|Hidden Power|p1a: Carracosta
|-supereffective|p1a: Carracosta
|-damage|p1a: Carracosta|0 fnt
|faint|p1a: Carracosta
|
|upkeep
|
|t:|1642211964
|switch|p1a: Rotom|Rotom-Frost|76/100
|-damage|p1a: Rotom|51/100|[from] Stealth Rock
|turn|15
|
|t:|1642211971
|move|p1a: Rotom|Volt Switch|p2a: Charizard
|-supereffective|p2a: Charizard
|-damage|p2a: Charizard|15/100
|
|t:|1642211977
|switch|p1a: Gorebyss|Gorebyss, F|100/100 slp|[from]move: Volt Switch
|-damage|p1a: Gorebyss|88/100 slp|[from] Stealth Rock
|move|p2a: Charizard|Hidden Power|p1a: Gorebyss
|-supereffective|p1a: Gorebyss
|-damage|p1a: Gorebyss|0 fnt
|faint|p1a: Gorebyss
|
|upkeep
|
|t:|1642211995
|switch|p1a: Tauros|Tauros, M|100/100
|-damage|p1a: Tauros|88/100|[from] Stealth Rock
|turn|16
|
|t:|1642212015
|switch|p2a: Alomomola|Alomomola, F|100/100
|-damage|p2a: Alomomola|88/100|[from] Spikes
|move|p1a: Tauros|Rock Climb|p2a: Alomomola
|-damage|p2a: Alomomola|37/100
|
|-heal|p2a: Alomomola|43/100|[from] item: Leftovers
|upkeep
|turn|17
|
|t:|1642212019
|move|p2a: Alomomola|Protect|p2a: Alomomola
|-singleturn|p2a: Alomomola|Protect
|move|p1a: Tauros|Rock Climb|p2a: Alomomola
|-activate|p2a: Alomomola|move: Protect
|
|-heal|p2a: Alomomola|50/100|[from] item: Leftovers
|upkeep
|turn|18
|
|t:|1642212022
|move|p1a: Tauros|Rock Climb|p2a: Alomomola|[miss]
|-miss|p1a: Tauros|p2a: Alomomola
|move|p2a: Alomomola|Scald|p1a: Tauros
|-damage|p1a: Tauros|64/100
|-status|p1a: Tauros|brn
|
|-heal|p2a: Alomomola|56/100|[from] item: Leftovers
|-damage|p1a: Tauros|52/100 brn|[from] brn
|upkeep
|turn|19
|
|t:|1642212041
|switch|p1a: Rotom|Rotom-Frost|51/100
|-damage|p1a: Rotom|26/100|[from] Stealth Rock
|move|p2a: Alomomola|Wish|p2a: Alomomola
|
|-heal|p2a: Alomomola|62/100|[from] item: Leftovers
|upkeep
|turn|20
|
|t:|1642212044
|move|p2a: Alomomola|Protect|p2a: Alomomola
|-singleturn|p2a: Alomomola|Protect
|move|p1a: Rotom|Volt Switch|p2a: Alomomola
|-activate|p2a: Alomomola|move: Protect
|
|-heal|p2a: Alomomola|100/100|[from] move: Wish|[wisher] Alomomola
|upkeep
|turn|21
|
|t:|1642212051
|move|p1a: Rotom|Volt Switch|p2a: Alomomola
|-supereffective|p2a: Alomomola
|-damage|p2a: Alomomola|55/100
|
|t:|1642212055
|switch|p1a: Tauros|Tauros, M|52/100 brn|[from]move: Volt Switch
|-damage|p1a: Tauros|40/100 brn|[from] Stealth Rock
|move|p2a: Alomomola|Mirror Coat|p1a: Tauros
|-damage|p1a: Tauros|0 fnt
|faint|p1a: Tauros
|
|-heal|p2a: Alomomola|61/100|[from] item: Leftovers
|upkeep
|
|t:|1642212056
|switch|p1a: Garbodor|Garbodor, F|72/100
|-damage|p1a: Garbodor|59/100|[from] Stealth Rock
|turn|22
|
|t:|1642212069
|move|p1a: Garbodor|Gunk Shot|p2a: Alomomola
|-crit|p2a: Alomomola
|-damage|p2a: Alomomola|0 fnt
|faint|p2a: Alomomola
|
|upkeep
|
|t:|1642212077
|switch|p2a: Charizard|Charizard, M|15/100
|turn|23
|
|t:|1642212081
|move|p2a: Charizard|Flamethrower|p1a: Garbodor
|-damage|p1a: Garbodor|0 fnt
|faint|p1a: Garbodor
|
|upkeep
|
|t:|1642212082
|switch|p1a: Rotom|Rotom-Frost|26/100
|-damage|p1a: Rotom|1/100|[from] Stealth Rock
|turn|24
|
|t:|1642212089
|move|p1a: Rotom|Blizzard|p2a: Charizard
|-crit|p2a: Charizard
|-damage|p2a: Charizard|0 fnt
|faint|p2a: Charizard
|
|upkeep
|
|t:|1642212092
|switch|p2a: Vileplume|Vileplume, F|91/100
|-damage|p2a: Vileplume|78/100|[from] Spikes
|turn|25
|
|t:|1642212095
|move|p1a: Rotom|Blizzard|p2a: Vileplume|[miss]
|-miss|p1a: Rotom|p2a: Vileplume
|move|p2a: Vileplume|Sludge Bomb|p1a: Rotom
|-damage|p1a: Rotom|0 fnt
|faint|p1a: Rotom
|-damage|p2a: Vileplume|68/100|[from] item: Life Orb
|
|win|CB AARON JUDGE
|c|☆Monai|ah
|c|☆CB AARON JUDGE|gg
|c|☆Monai|gg gamer
