|inactive|Battle timer is ON: inactive players will automatically lose when time's up.
|t:|1639251716
|gametype|singles
|player|p1|Mr.378|gambler|
|player|p2|Nalorium|elesa|
|teamsize|p1|6
|teamsize|p2|6
|gen|5
|tier|[Gen 5] UU
|rule|Species Clause: Limit one of each Pokémon
|rule|OHKO Clause: OHKO moves are banned
|rule|Moody Clause: Moody is banned
|rule|Evasion Moves Clause: Evasion moves are banned
|rule|Endless Battle Clause: Forcing endless battles is banned
|rule|HP Percentage Mod: HP is shown in percentages
|rule|Evasion Abilities Clause: Evasion abilities are banned
|rule|Swagger Clause: Swagger is banned
|rule|Sleep Clause Mod: Limit one foe put to sleep
|clearpoke
|poke|p1|Rhyperior, M|item
|poke|p1|Tornadus, M|item
|poke|p1|Flygon, F|item
|poke|p1|Kingdra, M|item
|poke|p1|Victini|item
|poke|p1|Roserade, M|item
|poke|p2|Mienshao, M|item
|poke|p2|Raikou|item
|poke|p2|Cofagrigus, F|item
|poke|p2|Blastoise, F|item
|poke|p2|Bronzong|item
|poke|p2|Togekiss, F|item
|teampreview
|c|+avarice|WOOOOO
|c|☆Mr.378|hf
|c|+avarice|GO 378
|c|☆Nalorium|=
|inactive|Mr.378 has 270 seconds left.
|inactive|Nalorium has 270 seconds left.
|inactive|Nalorium has 240 seconds left.
|
|t:|1639251783
|start
|switch|p1a: Victini|Victini|100/100
|switch|p2a: Übermensch|Mienshao, M, shiny|100/100
|turn|1
|
|t:|1639251802
|move|p2a: Übermensch|U-turn|p1a: Victini
|-damage|p1a: Victini|75/100
|
|t:|1639251805
|switch|p2a: Mayorca|Blastoise, F, shiny|100/100|[from]move: U-turn
|move|p1a: Victini|Bolt Strike|p2a: Mayorca
|-supereffective|p2a: Mayorca
|-damage|p2a: Mayorca|9/100
|
|-heal|p2a: Mayorca|15/100|[from] item: Leftovers
|upkeep
|turn|2
|
|t:|1639251822
|switch|p1a: Roserade|Roserade, M|100/100
|switch|p2a: FELACIONADOR 1050|Raikou, shiny|100/100
|-ability|p2a: FELACIONADOR 1050|Pressure
|
|upkeep
|turn|3
|c|+Xevara †|insinuas que mienshao siempre querra hacer uturn infinitamente en todos los bucles temporales en los que viva?
|c|+Xevara †|que profundo nalorium
|inactive|Nalorium has 270 seconds left.
|c|+bagoftrixx|si
|c|☆Nalorium|difiero 
|inactive|Nalorium has 240 seconds left.
|c|+Xevara †|por que difieres?
|inactive|Nalorium has 210 seconds left.
|inactive|Nalorium has 180 seconds left.
|inactive|Nalorium has 150 seconds left.
|
|t:|1639251977
|switch|p2a: Valencia|Bronzong, shiny|100/100
|move|p1a: Roserade|Spikes|p2a: Valencia
|-sidestart|p2: Nalorium|Spikes
|
|upkeep
|turn|4
|
|t:|1639251981
|move|p1a: Roserade|Spikes|p2a: Valencia
|-sidestart|p2: Nalorium|Spikes
|move|p2a: Valencia|Stealth Rock|p1a: Roserade
|-sidestart|p1: Mr.378|move: Stealth Rock
|
|upkeep
|turn|5
|
|t:|1639251992
|switch|p2a: Montana|Togekiss, F, shiny|100/100
|move|p1a: Roserade|Spikes|p2a: Montana
|-sidestart|p2: Nalorium|Spikes
|
|upkeep
|turn|6
|
|t:|1639251998
|move|p1a: Roserade|Sludge Bomb|p2a: Montana
|-damage|p2a: Montana|66/100
|move|p2a: Montana|Air Slash|p1a: Roserade
|-supereffective|p1a: Roserade
|-damage|p1a: Roserade|26/100
|
|-heal|p1a: Roserade|33/100|[from] item: Black Sludge
|-heal|p2a: Montana|73/100|[from] item: Leftovers
|upkeep
|turn|7
|
|t:|1639252003
|move|p1a: Roserade|Sludge Bomb|p2a: Montana
|-damage|p2a: Montana|36/100
|move|p2a: Montana|Roost|p2a: Montana
|-heal|p2a: Montana|86/100
|-singleturn|p2a: Montana|move: Roost
|
|-heal|p1a: Roserade|39/100|[from] item: Black Sludge
|-heal|p2a: Montana|92/100|[from] item: Leftovers
|upkeep
|turn|8
|
|t:|1639252009
|switch|p1a: Rhyperior|Rhyperior, M|100/100
|-damage|p1a: Rhyperior|94/100|[from] Stealth Rock
|move|p2a: Montana|Air Slash|p1a: Rhyperior
|-resisted|p1a: Rhyperior
|-damage|p1a: Rhyperior|80/100
|
|-heal|p2a: Montana|98/100|[from] item: Leftovers
|-heal|p1a: Rhyperior|87/100|[from] item: Leftovers
|upkeep
|turn|9
|
|t:|1639252022
|switch|p2a: Valencia|Bronzong, shiny|100/100
|move|p1a: Rhyperior|Stealth Rock|p2a: Valencia
|-sidestart|p2: Nalorium|move: Stealth Rock
|
|-heal|p1a: Rhyperior|93/100|[from] item: Leftovers
|upkeep
|turn|10
|
|t:|1639252029
|move|p2a: Valencia|Toxic|p1a: Rhyperior
|-status|p1a: Rhyperior|tox
|move|p1a: Rhyperior|Dragon Tail|p2a: Valencia
|-resisted|p2a: Valencia
|-crit|p2a: Valencia
|-damage|p2a: Valencia|81/100
|drag|p2a: Italoamericano|Cofagrigus, F, shiny|100/100
|-damage|p2a: Italoamericano|88/100|[from] Stealth Rock
|-damage|p2a: Italoamericano|64/100|[from] Spikes
|
|-heal|p1a: Rhyperior|99/100 tox|[from] item: Leftovers
|-heal|p2a: Italoamericano|69/100|[from] item: Leftovers
|-damage|p1a: Rhyperior|93/100 tox|[from] psn
|upkeep
|turn|11
|
|t:|1639252038
|switch|p2a: Mayorca|Blastoise, F, shiny|15/100
|-damage|p2a: Mayorca|0 fnt|[from] Spikes
|faint|p2a: Mayorca
|move|p1a: Rhyperior|Dragon Tail|p2: Mayorca|[notarget]
|-fail|p1a: Rhyperior
|
|-heal|p1a: Rhyperior|99/100 tox|[from] item: Leftovers
|-damage|p1a: Rhyperior|87/100 tox|[from] psn
|upkeep
|inactive|Nalorium has 180 seconds left.
|
|t:|1639252079
|switch|p2a: Valencia|Bronzong, shiny|81/100
|-damage|p2a: Valencia|74/100|[from] Stealth Rock
|turn|12
|
|t:|1639252087
|move|p2a: Valencia|Earthquake|p1a: Rhyperior
|-supereffective|p1a: Rhyperior
|-damage|p1a: Rhyperior|67/100 tox
|move|p1a: Rhyperior|Dragon Tail|p2a: Valencia
|-resisted|p2a: Valencia
|-damage|p2a: Valencia|65/100
|drag|p2a: FELACIONADOR 1050|Raikou, shiny|100/100
|-damage|p2a: FELACIONADOR 1050|76/100|[from] Spikes
|-damage|p2a: FELACIONADOR 1050|63/100|[from] Stealth Rock
|-ability|p2a: FELACIONADOR 1050|Pressure
|
|-heal|p2a: FELACIONADOR 1050|69/100|[from] item: Leftovers
|-heal|p1a: Rhyperior|73/100 tox|[from] item: Leftovers
|-damage|p1a: Rhyperior|55/100 tox|[from] psn
|upkeep
|turn|13
|
|t:|1639252097
|move|p2a: FELACIONADOR 1050|Protect|p2a: FELACIONADOR 1050
|-singleturn|p2a: FELACIONADOR 1050|Protect
|move|p1a: Rhyperior|Dragon Tail|p2a: FELACIONADOR 1050
|-activate|p2a: FELACIONADOR 1050|move: Protect
|
|-heal|p2a: FELACIONADOR 1050|76/100|[from] item: Leftovers
|-heal|p1a: Rhyperior|61/100 tox|[from] item: Leftovers
|-damage|p1a: Rhyperior|36/100 tox|[from] psn
|upkeep
|turn|14
|inactive|Nalorium has 180 seconds left.
|inactive|Nalorium has 150 seconds left.
|inactive|Nalorium has 120 seconds left.
|
|t:|1639252183
|move|p2a: FELACIONADOR 1050|Hidden Power|p1a: Rhyperior
|-supereffective|p1a: Rhyperior
|-crit|p1a: Rhyperior
|-damage|p1a: Rhyperior|0 fnt
|faint|p1a: Rhyperior
|
|-heal|p2a: FELACIONADOR 1050|82/100|[from] item: Leftovers
|upkeep
|
|t:|1639252189
|switch|p1a: Flygon|Flygon, F|100/100
|-damage|p1a: Flygon|95/100|[from] Stealth Rock
|turn|15
|
|t:|1639252193
|move|p2a: FELACIONADOR 1050|Protect|p2a: FELACIONADOR 1050
|-singleturn|p2a: FELACIONADOR 1050|Protect
|move|p1a: Flygon|Earthquake|p2a: FELACIONADOR 1050
|-activate|p2a: FELACIONADOR 1050|move: Protect
|
|-heal|p2a: FELACIONADOR 1050|88/100|[from] item: Leftovers
|upkeep
|turn|16
|inactive|Nalorium has 120 seconds left.
|
|t:|1639252218
|switch|p2a: Montana|Togekiss, F, shiny|98/100
|-damage|p2a: Montana|73/100|[from] Stealth Rock
|move|p1a: Flygon|Earthquake|p2a: Montana
|-immune|p2a: Montana
|
|-heal|p2a: Montana|79/100|[from] item: Leftovers
|upkeep
|turn|17
|
|t:|1639252225
|switch|p1a: Roserade|Roserade, M|39/100
|-damage|p1a: Roserade|26/100|[from] Stealth Rock
|move|p2a: Montana|Air Slash|p1a: Roserade
|-supereffective|p1a: Roserade
|-damage|p1a: Roserade|0 fnt
|faint|p1a: Roserade
|
|-heal|p2a: Montana|85/100|[from] item: Leftovers
|upkeep
|
|t:|1639252229
|switch|p1a: Tornadus|Tornadus, M|100/100
|-damage|p1a: Tornadus|76/100|[from] Stealth Rock
|turn|18
|inactive|Nalorium has 120 seconds left.
|inactive|Nalorium has 90 seconds left.
|
|t:|1639252279
|move|p1a: Tornadus|Rain Dance|p1a: Tornadus
|-weather|RainDance
|move|p2a: Montana|Air Slash|p1a: Tornadus
|-damage|p1a: Tornadus|31/100
|
|-weather|RainDance|[upkeep]
|-heal|p2a: Montana|92/100|[from] item: Leftovers
|upkeep
|turn|19
|inactive|Nalorium has 90 seconds left.
|
|t:|1639252296
|switch|p1a: Kingdra|Kingdra, M|100/100
|-damage|p1a: Kingdra|88/100|[from] Stealth Rock
|move|p2a: Montana|Roost|p2a: Montana
|-heal|p2a: Montana|100/100
|-singleturn|p2a: Montana|move: Roost
|
|-weather|RainDance|[upkeep]
|upkeep
|turn|20
|
|t:|1639252312
|move|p1a: Kingdra|Surf|p2a: Montana
|-damage|p2a: Montana|25/100
|move|p2a: Montana|Roost|p2a: Montana
|-heal|p2a: Montana|76/100
|-singleturn|p2a: Montana|move: Roost
|
|-weather|RainDance|[upkeep]
|-heal|p2a: Montana|82/100|[from] item: Leftovers
|upkeep
|turn|21
|
|t:|1639252317
|move|p1a: Kingdra|Surf|p2a: Montana
|-damage|p2a: Montana|0 fnt
|faint|p2a: Montana
|
|-weather|RainDance|[upkeep]
|upkeep
|inactive|Nalorium has 90 seconds left.
|
|t:|1639252345
|switch|p2a: FELACIONADOR 1050|Raikou, shiny|88/100
|-damage|p2a: FELACIONADOR 1050|76/100|[from] Stealth Rock
|-damage|p2a: FELACIONADOR 1050|51/100|[from] Spikes
|-ability|p2a: FELACIONADOR 1050|Pressure
|turn|22
|
|t:|1639252352
|move|p2a: FELACIONADOR 1050|Protect|p2a: FELACIONADOR 1050
|-singleturn|p2a: FELACIONADOR 1050|Protect
|move|p1a: Kingdra|Surf|p2a: FELACIONADOR 1050
|-activate|p2a: FELACIONADOR 1050|move: Protect
|
|-weather|RainDance|[upkeep]
|-heal|p2a: FELACIONADOR 1050|57/100|[from] item: Leftovers
|upkeep
|turn|23
|inactive|Nalorium has 90 seconds left.
|inactive|Nalorium has 60 seconds left.
|
|t:|1639252395
|move|p2a: FELACIONADOR 1050|Protect||[still]
|-fail|p2a: FELACIONADOR 1050
|move|p1a: Kingdra|Surf|p2a: FELACIONADOR 1050
|-damage|p2a: FELACIONADOR 1050|0 fnt
|faint|p2a: FELACIONADOR 1050
|
|-weather|RainDance|[upkeep]
|upkeep
|inactive|Nalorium has 60 seconds left.
|inactive|Nalorium has 30 seconds left.
|inactive|Nalorium has 20 seconds left.
|inactive|Nalorium has 15 seconds left.
|
|t:|1639252447
|switch|p2a: Valencia|Bronzong, shiny|65/100
|-damage|p2a: Valencia|59/100|[from] Stealth Rock
|turn|24
|inactive|Nalorium has 25 seconds left this turn.
|inactive|Nalorium has 20 seconds left.
|
|t:|1639252453
|move|p1a: Kingdra|Surf|p2a: Valencia
|-damage|p2a: Valencia|0 fnt
|faint|p2a: Valencia
|
|-weather|RainDance|[upkeep]
|upkeep
|inactive|Nalorium has 25 seconds left this turn.
|inactive|Nalorium has 20 seconds left.
|inactive|Nalorium has 15 seconds left.
|inactive|Nalorium has 10 seconds left.
|
|t:|1639252470
|switch|p2a: Italoamericano|Cofagrigus, F, shiny|69/100
|-damage|p2a: Italoamericano|57/100|[from] Stealth Rock
|-damage|p2a: Italoamericano|32/100|[from] Spikes
|turn|25
|inactive|Nalorium has 20 seconds left this turn.
|
|t:|1639252476
|move|p1a: Kingdra|Surf|p2a: Italoamericano
|-damage|p2a: Italoamericano|0 fnt
|faint|p2a: Italoamericano
|
|-weather|none
|upkeep
|inactive|Nalorium has 25 seconds left this turn.
|
|t:|1639252478
|switch|p2a: Übermensch|Mienshao, M, shiny|100/100
|-damage|p2a: Übermensch|76/100|[from] Spikes
|-damage|p2a: Übermensch|70/100|[from] Stealth Rock
|turn|26
|
|t:|1639252484
|switch|p1a: Victini|Victini|75/100
|-damage|p1a: Victini|50/100|[from] Stealth Rock
|move|p2a: Übermensch|High Jump Kick|p1a: Victini
|-resisted|p1a: Victini
|-damage|p1a: Victini|19/100
|
|upkeep
|turn|27
|c|☆Nalorium|gg
|c|☆Mr.378|gg
|
|t:|1639252496
|move|p2a: Übermensch|High Jump Kick|p1a: Victini
|-resisted|p1a: Victini
|-damage|p1a: Victini|0 fnt
|faint|p1a: Victini
|
|upkeep
|
|t:|1639252500
|switch|p1a: Tornadus|Tornadus, M|31/100
|-damage|p1a: Tornadus|7/100|[from] Stealth Rock
|turn|28
|
|t:|1639252507
|move|p1a: Tornadus|Rain Dance|p1a: Tornadus
|-weather|RainDance
|move|p2a: Übermensch|High Jump Kick|p1a: Tornadus
|-resisted|p1a: Tornadus
|-damage|p1a: Tornadus|0 fnt
|faint|p1a: Tornadus
|
|-weather|RainDance|[upkeep]
|upkeep
|
|t:|1639252514
|switch|p1a: Kingdra|Kingdra, M|88/100
|-damage|p1a: Kingdra|76/100|[from] Stealth Rock
|turn|29
|
|t:|1639252519
|move|p1a: Kingdra|Surf|p2a: Übermensch
|-damage|p2a: Übermensch|0 fnt
|faint|p2a: Übermensch
|
|win|Mr.378
