|inactive|Battle timer is ON: inactive players will automatically lose when time's up.
|t:|1627846807
|gametype|singles
|player|p1|F i l l e|marley|
|player|p2|Lily|skyla|
|teamsize|p1|6
|teamsize|p2|6
|gen|5
|tier|[Gen 5] LC
|rule|Species Clause: Limit one of each Pokémon
|rule|OHKO Clause: OHKO moves are banned
|rule|Moody Clause: Moody is banned
|rule|Evasion Moves Clause: Evasion moves are banned
|rule|Endless Battle Clause: Forcing endless battles is banned
|rule|HP Percentage Mod: HP is shown in percentages
|rule|Sleep Clause: Sleep-inducing moves are banned
|clearpoke
|poke|p1|Mienfoo, L5, F|item
|poke|p1|Timburr, L5, M|item
|poke|p1|Diglett, L5, M|item
|poke|p1|Porygon, L5|item
|poke|p1|Gastly, L5, M|item
|poke|p1|Pawniard, L5, M|item
|poke|p2|Omanyte, L5, M|item
|poke|p2|Hippopotas, L5, M|item
|poke|p2|Frillish, L5, M|item
|poke|p2|Lileep, L5, M|item
|poke|p2|Mienfoo, L5, M|item
|poke|p2|Staryu, L5|item
|teampreview
|c|☆F i l l e|hf!
|c|☆F i l l e|o
|c|☆Lily|hf
|inactive|F i l l e has 270 seconds left.
|inactive|Lily has 270 seconds left.
|inactive|F i l l e has 240 seconds left.
|inactive|Lily has 240 seconds left.
|inactive|F i l l e has 210 seconds left.
|c|+Gummy|LETES GO FOOOOOOOOOOAT
|
|t:|1627846925
|start
|switch|p1a: Gastly|Gastly, L5, M|100/100
|switch|p2a: carsyu|Staryu, L5|100/100
|turn|1
|inactive|Lily has 270 seconds left.
|inactive|F i l l e has 240 seconds left.
|inactive|F i l l e has 210 seconds left.
|
|t:|1627846992
|switch|p2a: shihleep|Lileep, L5, M|100/100
|switch|p1a: Porygon|Porygon, L5|100/100
|-ability|p1a: Porygon|Storm Drain|[from] ability: Trace|[of] p2a: shihleep
|
|upkeep
|turn|2
|inactive|F i l l e has 210 seconds left.
|
|t:|1627847005
|switch|p2a: frushtush|Frillish, L5, M|100/100
|move|p1a: Porygon|Toxic|p2a: frushtush
|-status|p2a: frushtush|tox
|
|-damage|p2a: frushtush|96/100 tox|[from] psn
|upkeep
|turn|3
|inactive|F i l l e has 210 seconds left.
|
|t:|1627847027
|move|p2a: frushtush|Will-O-Wisp|p1a: Porygon
|-status|p1a: Porygon|brn
|move|p1a: Porygon|Psychic|p2a: frushtush
|-damage|p2a: frushtush|76/100 tox
|-start|p1a: Porygon|Disable|Psychic|[from] ability: Cursed Body|[of] p2a: frushtush
|
|-damage|p2a: frushtush|68/100 tox|[from] psn
|-damage|p1a: Porygon|89/100 brn|[from] brn
|upkeep
|turn|4
|
|t:|1627847036
|switch|p2a: carsyu|Staryu, L5|100/100
|switch|p1a: Mienfoo|Mienfoo, L5, F|100/100
|
|upkeep
|turn|5
|
|t:|1627847040
|move|p2a: carsyu|Scald|p1a: Mienfoo
|-crit|p1a: Mienfoo
|-damage|p1a: Mienfoo|35/100
|move|p1a: Mienfoo|Knock Off|p2a: carsyu
|-damage|p2a: carsyu|91/100
|-enditem|p2a: carsyu|Eviolite|[from] move: Knock Off|[of] p1a: Mienfoo
|
|upkeep
|turn|6
|
|t:|1627847044
|switch|p1a: Porygon|Porygon, L5|89/100 brn
|-ability|p1a: Porygon|Natural Cure|[from] ability: Trace|[of] p2a: carsyu
|move|p2a: carsyu|Scald|p1a: Porygon
|-damage|p1a: Porygon|66/100 brn
|
|-damage|p1a: Porygon|54/100 brn|[from] brn
|upkeep
|turn|7
|
|t:|1627847053
|switch|p2a: memchoo|Mienfoo, L5, M, shiny|100/100
|move|p1a: Porygon|Recover|p1a: Porygon
|-heal|p1a: Porygon|100/100 brn
|
|-damage|p1a: Porygon|89/100 brn|[from] brn
|upkeep
|turn|8
|
|t:|1627847058
|switch|p1a: Gastly|Gastly, L5, M|100/100
|move|p2a: memchoo|Knock Off|p1a: Gastly
|-supereffective|p1a: Gastly
|-damage|p1a: Gastly|79/100
|-enditem|p1a: Gastly|Eviolite|[from] move: Knock Off|[of] p2a: memchoo
|
|upkeep
|turn|9
|
|t:|1627847066
|switch|p2a: shihleep|Lileep, L5, M|100/100
|move|p1a: Gastly|Sludge Bomb|p2a: shihleep
|-damage|p2a: shihleep|64/100
|
|upkeep
|turn|10
|
|t:|1627847069
|move|p1a: Gastly|Sludge Bomb|p2a: shihleep
|-damage|p2a: shihleep|29/100
|-status|p2a: shihleep|psn
|move|p2a: shihleep|Recover|p2a: shihleep
|-heal|p2a: shihleep|80/100 psn
|
|-damage|p2a: shihleep|68/100 psn|[from] psn
|upkeep
|turn|11
|
|t:|1627847075
|move|p1a: Gastly|Shadow Ball|p2a: shihleep
|-damage|p2a: shihleep|40/100 psn
|move|p2a: shihleep|Recover|p2a: shihleep
|-heal|p2a: shihleep|92/100 psn
|
|-damage|p2a: shihleep|80/100 psn|[from] psn
|upkeep
|turn|12
|
|t:|1627847079
|move|p1a: Gastly|Sludge Bomb|p2a: shihleep
|-damage|p2a: shihleep|44/100 psn
|move|p2a: shihleep|Recover|p2a: shihleep
|-heal|p2a: shihleep|96/100 psn
|
|-damage|p2a: shihleep|84/100 psn|[from] psn
|upkeep
|turn|13
|
|t:|1627847082
|switch|p1a: Mienfoo|Mienfoo, L5, F|66/100
|move|p2a: shihleep|Recover|p2a: shihleep
|-heal|p2a: shihleep|100/100 psn
|
|-damage|p2a: shihleep|88/100 psn|[from] psn
|upkeep
|turn|14
|
|t:|1627847090
|move|p1a: Mienfoo|Knock Off|p2a: shihleep
|-damage|p2a: shihleep|84/100 psn
|-enditem|p2a: shihleep|Eviolite|[from] move: Knock Off|[of] p1a: Mienfoo
|move|p2a: shihleep|Giga Drain|p1a: Mienfoo
|-damage|p1a: Mienfoo|40/100
|-heal|p2a: shihleep|96/100 psn|[from] drain|[of] p1a: Mienfoo
|
|-damage|p2a: shihleep|84/100 psn|[from] psn
|upkeep
|turn|15
|
|t:|1627847092
|switch|p2a: frushtush|Frillish, L5, M|68/100 tox
|move|p1a: Mienfoo|Knock Off|p2a: frushtush
|-supereffective|p2a: frushtush
|-damage|p2a: frushtush|52/100 tox
|-enditem|p2a: frushtush|Eviolite|[from] move: Knock Off|[of] p1a: Mienfoo
|
|-damage|p2a: frushtush|48/100 tox|[from] psn
|upkeep
|turn|16
|
|t:|1627847096
|move|p1a: Mienfoo|U-turn|p2a: frushtush
|-resisted|p2a: frushtush
|-damage|p2a: frushtush|36/100 tox
|
|t:|1627847103
|switch|p1a: Porygon|Porygon, L5|89/100|[from]move: U-turn
|-ability|p1a: Porygon|Cursed Body|[from] ability: Trace|[of] p2a: frushtush
|move|p2a: frushtush|Recover|p2a: frushtush
|-heal|p2a: frushtush|88/100 tox
|
|-damage|p2a: frushtush|80/100 tox|[from] psn
|upkeep
|turn|17
|
|t:|1627847116
|switch|p2a: memchoo|Mienfoo, L5, M, shiny|100/100
|move|p1a: Porygon|Psychic|p2a: memchoo
|-supereffective|p2a: memchoo
|-damage|p2a: memchoo|48/100
|
|upkeep
|turn|18
|
|t:|1627847125
|switch|p2a: hippodog|Hippopotas, L5, M|100/100
|-weather|Sandstorm|[from] ability: Sand Stream|[of] p2a: hippodog
|move|p1a: Porygon|Psychic|p2a: hippodog
|-damage|p2a: hippodog|76/100
|
|-weather|Sandstorm|[upkeep]
|-damage|p1a: Porygon|85/100|[from] Sandstorm
|upkeep
|turn|19
|
|t:|1627847130
|move|p2a: hippodog|Toxic|p1a: Porygon
|-status|p1a: Porygon|tox
|move|p1a: Porygon|Toxic|p2a: hippodog|[miss]
|-miss|p1a: Porygon|p2a: hippodog
|
|-weather|Sandstorm|[upkeep]
|-damage|p1a: Porygon|81/100 tox|[from] Sandstorm
|-damage|p1a: Porygon|77/100 tox|[from] psn
|upkeep
|turn|20
|
|t:|1627847134
|move|p2a: hippodog|Stealth Rock|p1a: Porygon
|-sidestart|p1: F i l l e|move: Stealth Rock
|move|p1a: Porygon|Toxic|p2a: hippodog
|-status|p2a: hippodog|tox
|
|-weather|Sandstorm|[upkeep]
|-damage|p1a: Porygon|74/100 tox|[from] Sandstorm
|-damage|p1a: Porygon|66/100 tox|[from] psn
|-damage|p2a: hippodog|72/100 tox|[from] psn
|upkeep
|turn|21
|
|t:|1627847138
|move|p1a: Porygon|Recover|p1a: Porygon
|-heal|p1a: Porygon|100/100 tox
|move|p2a: hippodog|Slack Off|p2a: hippodog
|-heal|p2a: hippodog|100/100 tox
|
|-weather|Sandstorm|[upkeep]
|-damage|p1a: Porygon|97/100 tox|[from] Sandstorm
|-damage|p2a: hippodog|92/100 tox|[from] psn
|-damage|p1a: Porygon|85/100 tox|[from] psn
|upkeep
|turn|22
|
|t:|1627847147
|switch|p2a: shihleep|Lileep, L5, M|84/100 psn
|switch|p1a: Gastly|Gastly, L5, M|79/100
|-damage|p1a: Gastly|69/100|[from] Stealth Rock
|
|-weather|Sandstorm|[upkeep]
|-damage|p1a: Gastly|64/100|[from] Sandstorm
|-damage|p2a: shihleep|72/100 psn|[from] psn
|upkeep
|turn|23
|
|t:|1627847153
|move|p1a: Gastly|Pain Split|p2a: shihleep
|-sethp|p2a: shihleep|60/100 psn|[from] move: Pain Split|[silent]
|-sethp|p1a: Gastly|79/100|[from] move: Pain Split
|move|p2a: shihleep|Giga Drain|p1a: Gastly
|-resisted|p1a: Gastly
|-damage|p1a: Gastly|48/100
|-heal|p2a: shihleep|72/100 psn|[from] drain|[of] p1a: Gastly
|
|-weather|Sandstorm|[upkeep]
|-damage|p1a: Gastly|43/100|[from] Sandstorm
|-damage|p2a: shihleep|60/100 psn|[from] psn
|upkeep
|turn|24
|
|t:|1627847157
|move|p1a: Gastly|Pain Split|p2a: shihleep
|-sethp|p2a: shihleep|44/100 psn|[from] move: Pain Split|[silent]
|-sethp|p1a: Gastly|58/100|[from] move: Pain Split
|move|p2a: shihleep|Giga Drain|p1a: Gastly
|-resisted|p1a: Gastly
|-damage|p1a: Gastly|27/100
|-heal|p2a: shihleep|57/100 psn|[from] drain|[of] p1a: Gastly
|
|-weather|Sandstorm|[upkeep]
|-damage|p1a: Gastly|22/100|[from] Sandstorm
|-damage|p2a: shihleep|44/100 psn|[from] psn
|upkeep
|turn|25
|
|t:|1627847163
|switch|p1a: Mienfoo|Mienfoo, L5, F|70/100
|-damage|p1a: Mienfoo|66/100|[from] Stealth Rock
|move|p2a: shihleep|Giga Drain|p1a: Mienfoo
|-damage|p1a: Mienfoo|40/100
|-heal|p2a: shihleep|57/100 psn|[from] drain|[of] p1a: Mienfoo
|
|-weather|Sandstorm|[upkeep]
|-damage|p1a: Mienfoo|35/100|[from] Sandstorm
|-damage|p2a: shihleep|44/100 psn|[from] psn
|upkeep
|turn|26
|
|t:|1627847167
|move|p1a: Mienfoo|U-turn|p2a: shihleep
|-supereffective|p2a: shihleep
|-damage|p2a: shihleep|4/100 psn
|
|t:|1627847172
|switch|p1a: Porygon|Porygon, L5|85/100 tox|[from]move: U-turn
|-damage|p1a: Porygon|74/100 tox|[from] Stealth Rock
|-ability|p1a: Porygon|Storm Drain|[from] ability: Trace|[of] p2a: shihleep
|move|p2a: shihleep|Giga Drain|p1a: Porygon
|-crit|p1a: Porygon
|-damage|p1a: Porygon|27/100 tox
|-heal|p2a: shihleep|29/100 psn|[from] drain|[of] p1a: Porygon
|
|-weather|Sandstorm|[upkeep]
|-damage|p1a: Porygon|24/100 tox|[from] Sandstorm
|-damage|p1a: Porygon|20/100 tox|[from] psn
|-damage|p2a: shihleep|16/100 psn|[from] psn
|upkeep
|turn|27
|
|t:|1627847175
|move|p1a: Porygon|Recover|p1a: Porygon
|-heal|p1a: Porygon|70/100 tox
|move|p2a: shihleep|Recover|p2a: shihleep
|-heal|p2a: shihleep|68/100 psn
|
|-weather|Sandstorm|[upkeep]
|-damage|p1a: Porygon|66/100 tox|[from] Sandstorm
|-damage|p1a: Porygon|58/100 tox|[from] psn
|-damage|p2a: shihleep|57/100 psn|[from] psn
|upkeep
|turn|28
|
|t:|1627847178
|move|p1a: Porygon|Recover|p1a: Porygon
|-heal|p1a: Porygon|100/100 tox
|move|p2a: shihleep|Recover|p2a: shihleep
|-heal|p2a: shihleep|100/100 psn
|
|-weather|Sandstorm|[upkeep]
|-damage|p1a: Porygon|97/100 tox|[from] Sandstorm
|-damage|p1a: Porygon|85/100 tox|[from] psn
|-damage|p2a: shihleep|88/100 psn|[from] psn
|upkeep
|turn|29
|
|t:|1627847183
|switch|p1a: Mienfoo|Mienfoo, L5, F|66/100
|-damage|p1a: Mienfoo|61/100|[from] Stealth Rock
|move|p2a: shihleep|Giga Drain|p1a: Mienfoo
|-damage|p1a: Mienfoo|35/100
|-heal|p2a: shihleep|100/100 psn|[from] drain|[of] p1a: Mienfoo
|
|-weather|Sandstorm|[upkeep]
|-damage|p1a: Mienfoo|31/100|[from] Sandstorm
|-damage|p2a: shihleep|88/100 psn|[from] psn
|upkeep
|turn|30
|
|t:|1627847187
|switch|p2a: frushtush|Frillish, L5, M|80/100 tox
|move|p1a: Mienfoo|U-turn|p2a: frushtush
|-resisted|p2a: frushtush
|-damage|p2a: frushtush|68/100 tox
|inactive|F i l l e has 270 seconds left.
|
|t:|1627847237
|switch|p1a: Diglett|Diglett, L5, M|100/100|[from]move: U-turn
|-damage|p1a: Diglett|95/100|[from] Stealth Rock
|
|-weather|Sandstorm|[upkeep]
|-damage|p2a: frushtush|64/100 tox|[from] Sandstorm
|-damage|p2a: frushtush|60/100 tox|[from] psn
|upkeep
|turn|31
|
|t:|1627847246
|move|p1a: Diglett|Earthquake|p2a: frushtush
|-damage|p2a: frushtush|0 fnt
|faint|p2a: frushtush
|-damage|p1a: Diglett|89/100|[from] item: Life Orb
|
|-weather|Sandstorm|[upkeep]
|upkeep
|inactive|Lily has 270 seconds left.
|
|t:|1627847294
|switch|p2a: memchoo|Mienfoo, L5, M, shiny|79/100
|turn|32
|inactive|F i l l e has 270 seconds left.
|
|t:|1627847323
|move|p1a: Diglett|Earthquake|p2a: memchoo
|-damage|p2a: memchoo|27/100
|-damage|p1a: Diglett|84/100|[from] item: Life Orb
|move|p2a: memchoo|U-turn|p1a: Diglett
|-damage|p1a: Diglett|28/100
|inactive|Lily has 240 seconds left.
|inactive|Lily has 210 seconds left.
|
|t:|1627847407
|switch|p2a: shihleep|Lileep, L5, M|88/100 psn|[from]move: U-turn
|
|-weather|Sandstorm|[upkeep]
|-damage|p2a: shihleep|76/100 psn|[from] psn
|upkeep
|turn|33
|
|t:|1627847419
|switch|p1a: Mienfoo|Mienfoo, L5, F|61/100
|-damage|p1a: Mienfoo|57/100|[from] Stealth Rock
|move|p2a: shihleep|Giga Drain|p1a: Mienfoo
|-damage|p1a: Mienfoo|27/100
|-heal|p2a: shihleep|92/100 psn|[from] drain|[of] p1a: Mienfoo
|
|-weather|Sandstorm|[upkeep]
|-damage|p1a: Mienfoo|22/100|[from] Sandstorm
|-damage|p2a: shihleep|80/100 psn|[from] psn
|upkeep
|turn|34
|inactive|Lily has 180 seconds left.
|inactive|Lily has 150 seconds left.
|
|t:|1627847489
|move|p1a: Mienfoo|High Jump Kick|p2a: shihleep
|-supereffective|p2a: shihleep
|-damage|p2a: shihleep|0 fnt
|faint|p2a: shihleep
|
|-weather|Sandstorm|[upkeep]
|-damage|p1a: Mienfoo|18/100|[from] Sandstorm
|upkeep
|
|t:|1627847499
|switch|p2a: memchoo|Mienfoo, L5, M, shiny|57/100
|turn|35
|
|t:|1627847508
|move|p1a: Mienfoo|High Jump Kick|p2a: memchoo
|-damage|p2a: memchoo|5/100
|move|p2a: memchoo|U-turn|p1a: Mienfoo
|-resisted|p1a: Mienfoo
|-damage|p1a: Mienfoo|9/100
|
|t:|1627847511
|switch|p2a: carsyu|Staryu, L5|91/100|[from]move: U-turn
|
|-weather|Sandstorm|[upkeep]
|-damage|p2a: carsyu|86/100|[from] Sandstorm
|-damage|p1a: Mienfoo|5/100|[from] Sandstorm
|upkeep
|turn|36
|inactive|F i l l e has 270 seconds left.
|
|t:|1627847541
|move|p2a: carsyu|Scald|p1a: Mienfoo
|-damage|p1a: Mienfoo|0 fnt
|faint|p1a: Mienfoo
|
|-weather|Sandstorm|[upkeep]
|-damage|p2a: carsyu|81/100|[from] Sandstorm
|upkeep
|
|t:|1627847545
|switch|p1a: Diglett|Diglett, L5, M|28/100
|-damage|p1a: Diglett|23/100|[from] Stealth Rock
|turn|37
|
|t:|1627847548
|move|p1a: Diglett|Earthquake|p2a: carsyu
|-crit|p2a: carsyu
|-damage|p2a: carsyu|0 fnt
|faint|p2a: carsyu
|-damage|p1a: Diglett|17/100|[from] item: Life Orb
|
|-weather|Sandstorm|[upkeep]
|upkeep
|c|+HYDREIGON SPECS|good nicks lily
|c|+HYDREIGON SPECS|whats the hippodog in reference to
|
|t:|1627847570
|switch|p2a: hippodog|Hippopotas, L5, M|92/100 tox
|turn|38
|
|t:|1627847585
|move|p1a: Diglett|Stealth Rock|p2a: hippodog
|-sidestart|p2: Lily|move: Stealth Rock
|move|p2a: hippodog|Earthquake|p1a: Diglett
|-damage|p1a: Diglett|0 fnt
|faint|p1a: Diglett
|
|-weather|Sandstorm|[upkeep]
|-damage|p2a: hippodog|88/100 tox|[from] psn
|upkeep
|
|t:|1627847590
|switch|p1a: Gastly|Gastly, L5, M|22/100
|-damage|p1a: Gastly|11/100|[from] Stealth Rock
|turn|39
|
|t:|1627847604
|switch|p2a: memchoo|Mienfoo, L5, M, shiny|35/100
|-damage|p2a: memchoo|31/100|[from] Stealth Rock
|move|p1a: Gastly|Pain Split|p2a: memchoo
|-sethp|p2a: memchoo|18/100|[from] move: Pain Split|[silent]
|-sethp|p1a: Gastly|22/100|[from] move: Pain Split
|
|-weather|Sandstorm|[upkeep]
|-damage|p1a: Gastly|16/100|[from] Sandstorm
|-damage|p2a: memchoo|14/100|[from] Sandstorm
|upkeep
|turn|40
|
|t:|1627847615
|move|p1a: Gastly|Shadow Ball|p2a: memchoo
|-damage|p2a: memchoo|0 fnt
|faint|p2a: memchoo
|
|-weather|Sandstorm|[upkeep]
|-damage|p1a: Gastly|11/100|[from] Sandstorm
|upkeep
|
|t:|1627847618
|switch|p2a: joemanyte|Omanyte, L5, M|100/100
|-damage|p2a: joemanyte|90/100|[from] Stealth Rock
|turn|41
|
|t:|1627847624
|move|p1a: Gastly|Pain Split|p2a: joemanyte
|-sethp|p2a: joemanyte|50/100|[from] move: Pain Split|[silent]
|-sethp|p1a: Gastly|53/100|[from] move: Pain Split
|move|p2a: joemanyte|Surf|p1a: Gastly
|-damage|p1a: Gastly|0 fnt
|faint|p1a: Gastly
|
|-weather|Sandstorm|[upkeep]
|upkeep
|
|t:|1627847646
|switch|p1a: Pawniard|Pawniard, L5, M|100/100
|-damage|p1a: Pawniard|96/100|[from] Stealth Rock
|turn|42
|
|t:|1627847649
|move|p1a: Pawniard|Iron Head|p2a: joemanyte
|-damage|p2a: joemanyte|15/100
|-ability|p2a: joemanyte|Weak Armor|boost
|-unboost|p2a: joemanyte|def|1
|-boost|p2a: joemanyte|spe|1
|cant|p2a: joemanyte|flinch
|
|-weather|Sandstorm|[upkeep]
|upkeep
|turn|43
|
|t:|1627847655
|move|p1a: Pawniard|Iron Head|p2a: joemanyte
|-damage|p2a: joemanyte|0 fnt
|faint|p2a: joemanyte
|
|-weather|Sandstorm|[upkeep]
|upkeep
|
|t:|1627847659
|switch|p2a: hippodog|Hippopotas, L5, M|88/100 tox
|-damage|p2a: hippodog|84/100 tox|[from] Stealth Rock
|turn|44
|
|t:|1627847663
|move|p1a: Pawniard|Iron Head|p2a: hippodog
|-damage|p2a: hippodog|44/100 tox
|move|p2a: hippodog|Earthquake|p1a: Pawniard
|-supereffective|p1a: Pawniard
|-damage|p1a: Pawniard|0 fnt
|faint|p1a: Pawniard
|
|-weather|Sandstorm|[upkeep]
|-damage|p2a: hippodog|40/100 tox|[from] psn
|upkeep
|c|☆F i l l e|gg
|c|☆Lily|gg
|
|t:|1627847668
|switch|p1a: Timburr|Timburr, L5, M|100/100
|-damage|p1a: Timburr|96/100|[from] Stealth Rock
|turn|45
|
|t:|1627847671
|move|p1a: Timburr|Drain Punch|p2a: hippodog
|-damage|p2a: hippodog|4/100 tox
|-heal|p1a: Timburr|100/100|[from] drain|[of] p2a: hippodog
|move|p2a: hippodog|Earthquake|p1a: Timburr
|-damage|p1a: Timburr|63/100
|
|-weather|Sandstorm|[upkeep]
|-damage|p1a: Timburr|59/100|[from] Sandstorm
|-damage|p2a: hippodog|0 fnt|[from] psn
|faint|p2a: hippodog
|
|win|F i l l e
|upkeep
