|inactive|Battle timer is ON: inactive players will automatically lose when time's up.
|t:|1644117352
|gametype|singles
|player|p1|Shuckleking87|102|
|player|p2|cb aaron judge|camper-gen3rs|
|teamsize|p1|6
|teamsize|p2|6
|gen|5
|tier|[Gen 5] NU
|rule|Species Clause: Limit one of each Pokémon
|rule|OHKO Clause: OHKO moves are banned
|rule|Moody Clause: Moody is banned
|rule|Evasion Moves Clause: Evasion moves are banned
|rule|Endless Battle Clause: Forcing endless battles is banned
|rule|HP Percentage Mod: HP is shown in percentages
|rule|Evasion Abilities Clause: Evasion abilities are banned
|rule|Swagger Clause: Swagger is banned
|rule|Baton Pass Clause: Limit one Baton Passer, can't pass Spe and other stats simultaneously
|rule|Sleep Clause Mod: Limit one foe put to sleep
|clearpoke
|poke|p1|Sawk, M|item
|poke|p1|Golurk|item
|poke|p1|Alomomola, M|item
|poke|p1|Kangaskhan, F|item
|poke|p1|Skuntank, F|item
|poke|p1|Rotom-Frost|item
|poke|p2|Kangaskhan, F|item
|poke|p2|Garbodor, M|item
|poke|p2|Seismitoad, M|item
|poke|p2|Mandibuzz, F|item
|poke|p2|Rotom-Fan|item
|poke|p2|Primeape, M|item
|teampreview
|c|☆cb aaron judge|h f
|c|☆Shuckleking87|glhf!
|
|t:|1644117377
|start
|switch|p1a: Alomomola|Alomomola, M|100/100
|switch|p2a: Mandibuzz|Mandibuzz, F|100/100
|turn|1
|
|t:|1644117393
|move|p2a: Mandibuzz|Taunt|p1a: Alomomola
|-start|p1a: Alomomola|move: Taunt
|move|p1a: Alomomola|Scald|p2a: Mandibuzz
|-damage|p2a: Mandibuzz|91/100
|
|-heal|p2a: Mandibuzz|97/100|[from] item: Leftovers
|upkeep
|turn|2
|inactive|Shuckleking87 has 270 seconds left.
|
|t:|1644117420
|switch|p1a: Sawk|Sawk, M|100/100
|-ability|p1a: Sawk|Mold Breaker
|move|p2a: Mandibuzz|Taunt|p1a: Sawk
|-start|p1a: Sawk|move: Taunt
|
|-heal|p2a: Mandibuzz|100/100|[from] item: Leftovers
|upkeep
|turn|3
|inactive|Shuckleking87 has 270 seconds left.
|
|t:|1644117440
|switch|p2a: Garbodor|Garbodor, M|100/100
|move|p1a: Sawk|Earthquake|p2a: Garbodor
|-supereffective|p2a: Garbodor
|-damage|p2a: Garbodor|14/100
|
|upkeep
|turn|4
|inactive|Shuckleking87 has 270 seconds left.
|
|t:|1644117452
|switch|p2a: Mandibuzz|Mandibuzz, F|100/100
|move|p1a: Sawk|Earthquake|p2a: Mandibuzz
|-immune|p2a: Mandibuzz
|
|-end|p1a: Sawk|move: Taunt
|upkeep
|turn|5
|inactive|Shuckleking87 has 270 seconds left.
|
|t:|1644117466
|switch|p1a: Rotom|Rotom-Frost|100/100
|move|p2a: Mandibuzz|Toxic|p1a: Rotom
|-status|p1a: Rotom|tox
|
|-damage|p1a: Rotom|94/100 tox|[from] psn
|upkeep
|turn|6
|inactive|Shuckleking87 has 270 seconds left.
|
|t:|1644117493
|switch|p1a: Sawk|Sawk, M|100/100
|-ability|p1a: Sawk|Mold Breaker
|move|p2a: Mandibuzz|Foul Play|p1a: Sawk
|-resisted|p1a: Sawk
|-damage|p1a: Sawk|63/100
|
|upkeep
|turn|7
|
|t:|1644117511
|switch|p2a: Garbodor|Garbodor, M|14/100
|move|p1a: Sawk|Stone Edge|p2a: Garbodor
|-damage|p2a: Garbodor|0 fnt
|faint|p2a: Garbodor
|
|upkeep
|
|t:|1644117515
|switch|p2a: Seismitoad|Seismitoad, M|100/100
|turn|8
|
|t:|1644117525
|switch|p1a: Kangaskhan|Kangaskhan, F|100/100
|move|p2a: Seismitoad|Stealth Rock|p1a: Kangaskhan
|-sidestart|p1: Shuckleking87|move: Stealth Rock
|
|upkeep
|turn|9
|
|t:|1644117531
|switch|p2a: Mandibuzz|Mandibuzz, F|100/100
|move|p1a: Kangaskhan|Double-Edge|p2a: Mandibuzz
|-damage|p2a: Mandibuzz|49/100
|-damage|p1a: Kangaskhan|80/100|[from] Recoil
|
|-heal|p2a: Mandibuzz|56/100|[from] item: Leftovers
|upkeep
|turn|10
|
|t:|1644117546
|switch|p1a: Alomomola|Alomomola, M|100/100
|-damage|p1a: Alomomola|88/100|[from] Stealth Rock
|move|p2a: Mandibuzz|Foul Play|p1a: Alomomola
|-damage|p1a: Alomomola|74/100
|
|-heal|p2a: Mandibuzz|62/100|[from] item: Leftovers
|-heal|p1a: Alomomola|80/100|[from] item: Leftovers
|upkeep
|turn|11
|
|t:|1644117555
|move|p1a: Alomomola|Magic Coat|p1a: Alomomola
|-singleturn|p1a: Alomomola|move: Magic Coat
|move|p2a: Mandibuzz|Taunt|p1a: Alomomola
|move|p1a: Alomomola|Taunt|p2a: Mandibuzz|[from]Magic Coat
|-start|p2a: Mandibuzz|move: Taunt
|
|-heal|p2a: Mandibuzz|68/100|[from] item: Leftovers
|-heal|p1a: Alomomola|86/100|[from] item: Leftovers
|upkeep
|turn|12
|
|t:|1644117563
|switch|p2a: Rotom|Rotom-Fan|100/100
|move|p1a: Alomomola|Wish|p1a: Alomomola
|
|-heal|p1a: Alomomola|93/100|[from] item: Leftovers
|upkeep
|turn|13
|inactive|Shuckleking87 has 270 seconds left.
|inactive|Shuckleking87 has 240 seconds left.
|
|t:|1644117600
|switch|p1a: Kangaskhan|Kangaskhan, F|80/100
|-damage|p1a: Kangaskhan|68/100|[from] Stealth Rock
|move|p2a: Rotom|Trick|p1a: Kangaskhan
|-activate|p2a: Rotom|move: Trick|[of] p1a: Kangaskhan
|-item|p1a: Kangaskhan|Choice Scarf|[from] move: Trick
|-item|p2a: Rotom|Silk Scarf|[from] move: Trick
|
|-heal|p1a: Kangaskhan|100/100|[from] move: Wish|[wisher] Alomomola
|upkeep
|turn|14
|
|t:|1644117612
|move|p1a: Kangaskhan|Double-Edge|p2a: Rotom
|-damage|p2a: Rotom|38/100
|-damage|p1a: Kangaskhan|86/100|[from] Recoil
|move|p2a: Rotom|Thunderbolt|p1a: Kangaskhan
|-damage|p1a: Kangaskhan|34/100
|
|upkeep
|turn|15
|
|t:|1644117621
|switch|p2a: Mandibuzz|Mandibuzz, F|68/100
|move|p1a: Kangaskhan|Double-Edge|p2a: Mandibuzz
|-damage|p2a: Mandibuzz|32/100
|-damage|p1a: Kangaskhan|20/100|[from] Recoil
|
|-heal|p2a: Mandibuzz|38/100|[from] item: Leftovers
|upkeep
|turn|16
|
|t:|1644117635
|move|p1a: Kangaskhan|Double-Edge|p2a: Mandibuzz
|-damage|p2a: Mandibuzz|1/100
|-damage|p1a: Kangaskhan|5/100|[from] Recoil
|move|p2a: Mandibuzz|Roost|p2a: Mandibuzz
|-heal|p2a: Mandibuzz|52/100
|-singleturn|p2a: Mandibuzz|move: Roost
|
|-heal|p2a: Mandibuzz|58/100|[from] item: Leftovers
|upkeep
|turn|17
|
|t:|1644117641
|move|p1a: Kangaskhan|Double-Edge|p2a: Mandibuzz
|-damage|p2a: Mandibuzz|16/100
|-damage|p1a: Kangaskhan|0 fnt|[from] Recoil
|faint|p1a: Kangaskhan
|move|p2a: Mandibuzz|Roost|p2a: Mandibuzz
|-heal|p2a: Mandibuzz|66/100
|-singleturn|p2a: Mandibuzz|move: Roost
|
|-heal|p2a: Mandibuzz|72/100|[from] item: Leftovers
|upkeep
|
|t:|1644117655
|switch|p1a: Sawk|Sawk, M|63/100
|-damage|p1a: Sawk|57/100|[from] Stealth Rock
|-ability|p1a: Sawk|Mold Breaker
|turn|18
|
|t:|1644117666
|switch|p2a: Seismitoad|Seismitoad, M|100/100
|move|p1a: Sawk|Close Combat|p2a: Seismitoad
|-damage|p2a: Seismitoad|10/100
|-unboost|p1a: Sawk|def|1
|-unboost|p1a: Sawk|spd|1
|
|upkeep
|turn|19
|
|t:|1644117681
|switch|p1a: Alomomola|Alomomola, M|100/100
|-damage|p1a: Alomomola|88/100|[from] Stealth Rock
|move|p2a: Seismitoad|Hydro Pump|p1a: Alomomola
|-resisted|p1a: Alomomola
|-damage|p1a: Alomomola|69/100
|
|-heal|p1a: Alomomola|76/100|[from] item: Leftovers
|upkeep
|turn|20
|
|t:|1644117697
|move|p2a: Seismitoad|Grass Knot|p1a: Alomomola
|-supereffective|p1a: Alomomola
|-damage|p1a: Alomomola|52/100
|move|p1a: Alomomola|Wish|p1a: Alomomola
|
|-heal|p1a: Alomomola|58/100|[from] item: Leftovers
|upkeep
|turn|21
|
|t:|1644117713
|switch|p2a: Rotom|Rotom-Fan|38/100
|switch|p1a: Skuntank|Skuntank, F|100/100
|-damage|p1a: Skuntank|88/100|[from] Stealth Rock
|
|-heal|p1a: Skuntank|100/100|[from] move: Wish|[wisher] Alomomola
|upkeep
|turn|22
|inactive|Shuckleking87 has 240 seconds left.
|
|t:|1644117753
|switch|p1a: Golurk|Golurk|100/100
|-damage|p1a: Golurk|94/100|[from] Stealth Rock
|move|p2a: Rotom|Thunderbolt|p1a: Golurk
|-immune|p1a: Golurk
|
|upkeep
|turn|23
|
|t:|1644117761
|move|p2a: Rotom|Air Slash|p1a: Golurk
|-damage|p1a: Golurk|56/100
|move|p1a: Golurk|Stealth Rock|p2a: Rotom
|-sidestart|p2: cb aaron judge|move: Stealth Rock
|
|upkeep
|turn|24
|
|t:|1644117781
|move|p2a: Rotom|Air Slash|p1a: Golurk
|-damage|p1a: Golurk|16/100
|move|p1a: Golurk|Shadow Punch|p2a: Rotom
|-damage|p2a: Rotom|0 fnt
|faint|p2a: Rotom
|
|upkeep
|
|t:|1644117796
|switch|p2a: Mandibuzz|Mandibuzz, F|72/100
|-damage|p2a: Mandibuzz|47/100|[from] Stealth Rock
|turn|25
|inactive|Shuckleking87 has 210 seconds left.
|
|t:|1644117841
|switch|p1a: Rotom|Rotom-Frost|94/100 tox
|-damage|p1a: Rotom|69/100 tox|[from] Stealth Rock
|move|p2a: Mandibuzz|Foul Play|p1a: Rotom
|-damage|p1a: Rotom|46/100 tox
|
|-heal|p2a: Mandibuzz|53/100|[from] item: Leftovers
|-damage|p1a: Rotom|40/100 tox|[from] psn
|upkeep
|turn|26
|inactive|Shuckleking87 has 180 seconds left.
|
|t:|1644117860
|switch|p2a: Seismitoad|Seismitoad, M|10/100
|-damage|p2a: Seismitoad|4/100|[from] Stealth Rock
|move|p1a: Rotom|Blizzard|p2a: Seismitoad
|-damage|p2a: Seismitoad|0 fnt
|faint|p2a: Seismitoad
|
|-damage|p1a: Rotom|27/100 tox|[from] psn
|upkeep
|
|t:|1644117867
|switch|p2a: Kangaskhan|Kangaskhan, F|100/100
|-damage|p2a: Kangaskhan|88/100|[from] Stealth Rock
|turn|27
|
|t:|1644117874
|move|p1a: Rotom|Blizzard|p2a: Kangaskhan
|-damage|p2a: Kangaskhan|29/100
|move|p2a: Kangaskhan|Double-Edge|p1a: Rotom
|-damage|p1a: Rotom|0 fnt
|faint|p1a: Rotom
|-damage|p2a: Kangaskhan|23/100|[from] Recoil
|
|upkeep
|inactive|Shuckleking87 has 180 seconds left.
|c|☆cb aaron judge|lol
|c|☆cb aaron judge|wp
|c|☆Shuckleking87|def not over yet tho
|c|☆cb aaron judge|oh fs
|
|t:|1644117911
|switch|p1a: Alomomola|Alomomola, M|92/100
|-damage|p1a: Alomomola|79/100|[from] Stealth Rock
|turn|28
|inactive|Shuckleking87 has 150 seconds left.
|
|t:|1644117937
|move|p2a: Kangaskhan|Double-Edge|p1a: Alomomola
|-damage|p1a: Alomomola|31/100
|-damage|p2a: Kangaskhan|0 fnt|[from] Recoil
|faint|p2a: Kangaskhan
|move|p1a: Alomomola|Wish|p1a: Alomomola
|
|-heal|p1a: Alomomola|37/100|[from] item: Leftovers
|upkeep
|
|t:|1644117944
|switch|p2a: Mandibuzz|Mandibuzz, F|53/100
|-damage|p2a: Mandibuzz|29/100|[from] Stealth Rock
|turn|29
|
|t:|1644117954
|switch|p1a: Sawk|Sawk, M|57/100
|-damage|p1a: Sawk|50/100|[from] Stealth Rock
|-ability|p1a: Sawk|Mold Breaker
|move|p2a: Mandibuzz|Roost|p2a: Mandibuzz
|-heal|p2a: Mandibuzz|79/100
|-singleturn|p2a: Mandibuzz|move: Roost
|
|-heal|p1a: Sawk|100/100|[from] move: Wish|[wisher] Alomomola
|-heal|p2a: Mandibuzz|85/100|[from] item: Leftovers
|upkeep
|turn|30
|
|t:|1644117968
|move|p1a: Sawk|Ice Punch|p2a: Mandibuzz
|-supereffective|p2a: Mandibuzz
|-damage|p2a: Mandibuzz|23/100
|move|p2a: Mandibuzz|Foul Play|p1a: Sawk
|-resisted|p1a: Sawk
|-damage|p1a: Sawk|68/100
|
|-heal|p2a: Mandibuzz|30/100|[from] item: Leftovers
|upkeep
|turn|31
|
|t:|1644117974
|switch|p2a: Primeape|Primeape, M|100/100
|-damage|p2a: Primeape|95/100|[from] Stealth Rock
|move|p1a: Sawk|Ice Punch|p2a: Primeape
|-damage|p2a: Primeape|20/100
|
|upkeep
|turn|32
|
|t:|1644117987
|switch|p1a: Skuntank|Skuntank, F|100/100
|-damage|p1a: Skuntank|88/100|[from] Stealth Rock
|move|p2a: Primeape|Close Combat|p1a: Skuntank
|-damage|p1a: Skuntank|0 fnt
|-unboost|p2a: Primeape|def|1
|-unboost|p2a: Primeape|spd|1
|-damage|p2a: Primeape|0 fnt|[from] ability: Aftermath|[of] p1a: Skuntank
|faint|p2a: Primeape
|faint|p1a: Skuntank
|
|upkeep
|c|☆cb aaron judge|gg
|
|t:|1644117995
|switch|p2a: Mandibuzz|Mandibuzz, F|30/100
|switch|p1a: Sawk|Sawk, M|68/100
|-damage|p1a: Sawk|61/100|[from] Stealth Rock
|-ability|p1a: Sawk|Mold Breaker
|-damage|p2a: Mandibuzz|5/100|[from] Stealth Rock
|turn|33
|c|☆Shuckleking87|gg
|
|t:|1644118000
|move|p1a: Sawk|Close Combat|p2a: Mandibuzz
|-damage|p2a: Mandibuzz|0 fnt
|-unboost|p1a: Sawk|def|1
|-unboost|p1a: Sawk|spd|1
|faint|p2a: Mandibuzz
|
|win|Shuckleking87
