|inactive|Battle timer is ON: inactive players will automatically lose when time's up.
|t:|1644019658
|gametype|singles
|player|p1|ZAIYAJIN|tateandliza-gen3|
|player|p2|MTV BRATVA|unknown|
|teamsize|p1|6
|teamsize|p2|6
|gen|5
|tier|[Gen 5] OU
|rule|Species Clause: Limit one of each Pokémon
|rule|OHKO Clause: OHKO moves are banned
|rule|Moody Clause: Moody is banned
|rule|Evasion Moves Clause: Evasion moves are banned
|rule|Endless Battle Clause: Forcing endless battles is banned
|rule|HP Percentage Mod: HP is shown in percentages
|rule|Evasion Abilities Clause: Evasion abilities are banned
|rule|Sleep Clause: Sleep-inducing moves are banned
|rule|Swagger Clause: Swagger is banned
|clearpoke
|poke|p1|Garchomp, F|item
|poke|p1|Landorus-Therian, M|item
|poke|p1|Tyranitar, F|item
|poke|p1|Ferrothorn, M|item
|poke|p1|Latios, M|item
|poke|p1|Rotom-Wash|item
|poke|p2|Tyranitar, F|item
|poke|p2|Gliscor, M|item
|poke|p2|Ferrothorn, F|item
|poke|p2|Reuniclus, F|item
|poke|p2|Latios, M|item
|poke|p2|Alakazam, F|item
|teampreview
|c|☆MTV BRATVA|hf
|c|☆ZAIYAJIN|Hf
|
|t:|1644019678
|start
|switch|p1a: Landorus|Landorus-Therian, M|100/100
|switch|p2a: Gliscor|Gliscor, M|100/100
|-ability|p1a: Landorus|Intimidate|boost
|-unboost|p2a: Gliscor|atk|1
|turn|1
|
|t:|1644019701
|move|p2a: Gliscor|Protect|p2a: Gliscor
|-singleturn|p2a: Gliscor|Protect
|move|p1a: Landorus|Swords Dance|p1a: Landorus
|-boost|p1a: Landorus|atk|2
|
|-status|p2a: Gliscor|tox|[from] item: Toxic Orb
|upkeep
|turn|2
|
|t:|1644019708
|move|p1a: Landorus|Hidden Power|p2a: Gliscor
|-supereffective|p2a: Gliscor
|-damage|p2a: Gliscor|40/100 tox
|move|p2a: Gliscor|U-turn|p1a: Landorus
|-resisted|p1a: Landorus
|-damage|p1a: Landorus|95/100
|
|t:|1644019719
|switch|p2a: Latios|Latios, M|100/100|[from]move: U-turn
|
|upkeep
|turn|3
|inactive|MTV BRATVA has 270 seconds left.
|
|t:|1644019751
|switch|p2a: Gliscor|Gliscor, M|40/100 tox
|switch|p1a: Ferrothorn|Ferrothorn, M|100/100
|
|-heal|p2a: Gliscor|53/100 tox|[from] ability: Poison Heal
|upkeep
|turn|4
|
|t:|1644019758
|move|p2a: Gliscor|Stealth Rock|p1a: Ferrothorn
|-sidestart|p1: ZAIYAJIN|move: Stealth Rock
|move|p1a: Ferrothorn|Stealth Rock|p2a: Gliscor
|-sidestart|p2: MTV BRATVA|move: Stealth Rock
|
|-heal|p2a: Gliscor|65/100 tox|[from] ability: Poison Heal
|upkeep
|turn|5
|
|t:|1644019767
|switch|p2a: Ferrothorn|Ferrothorn, F|100/100
|-damage|p2a: Ferrothorn|95/100|[from] Stealth Rock
|move|p1a: Ferrothorn|Spikes|p2a: Ferrothorn
|-sidestart|p2: MTV BRATVA|Spikes
|
|-heal|p2a: Ferrothorn|100/100|[from] item: Leftovers
|upkeep
|turn|6
|
|t:|1644019778
|move|p2a: Ferrothorn|Spikes|p1a: Ferrothorn
|-sidestart|p1: ZAIYAJIN|Spikes
|move|p1a: Ferrothorn|Knock Off|p2a: Ferrothorn
|-resisted|p2a: Ferrothorn
|-damage|p2a: Ferrothorn|99/100
|-damage|p1a: Ferrothorn|88/100|[from] ability: Iron Barbs|[of] p2a: Ferrothorn
|-enditem|p2a: Ferrothorn|Leftovers|[from] move: Knock Off|[of] p1a: Ferrothorn
|
|-heal|p1a: Ferrothorn|94/100|[from] item: Leftovers
|upkeep
|turn|7
|
|t:|1644019786
|switch|p1a: Landorus|Landorus-Therian, M|95/100
|-damage|p1a: Landorus|82/100|[from] Stealth Rock
|-ability|p1a: Landorus|Intimidate|boost
|-unboost|p2a: Ferrothorn|atk|1
|move|p2a: Ferrothorn|Knock Off|p1a: Landorus
|-damage|p1a: Landorus|79/100
|-enditem|p1a: Landorus|Fighting Gem|[from] move: Knock Off|[of] p2a: Ferrothorn
|
|upkeep
|turn|8
|
|t:|1644019808
|switch|p2a: Reuniclus|Reuniclus, F|100/100
|move|p1a: Landorus|Superpower|p2a: Reuniclus
|-resisted|p2a: Reuniclus
|-damage|p2a: Reuniclus|86/100
|-unboost|p1a: Landorus|atk|1
|-unboost|p1a: Landorus|def|1
|
|-heal|p2a: Reuniclus|92/100|[from] item: Leftovers
|upkeep
|turn|9
|
|t:|1644019833
|switch|p1a: Latios|Latios, M|100/100
|-damage|p1a: Latios|88/100|[from] Stealth Rock
|move|p2a: Reuniclus|Hidden Power|p1a: Latios
|-supereffective|p1a: Latios
|-damage|p1a: Latios|44/100
|
|-heal|p2a: Reuniclus|98/100|[from] item: Leftovers
|upkeep
|turn|10
|inactive|ZAIYAJIN has 270 seconds left.
|
|t:|1644019866
|switch|p2a: Tyranitar|Tyranitar, F|100/100
|-damage|p2a: Tyranitar|88/100|[from] Spikes
|-damage|p2a: Tyranitar|76/100|[from] Stealth Rock
|-weather|Sandstorm|[from] ability: Sand Stream|[of] p2a: Tyranitar
|move|p1a: Latios|Draco Meteor|p2a: Tyranitar
|-enditem|p1a: Latios|Dragon Gem|[from] gem
|-damage|p2a: Tyranitar|1/100
|-unboost|p1a: Latios|spa|2
|
|-weather|Sandstorm|[upkeep]
|-damage|p1a: Latios|38/100|[from] Sandstorm
|upkeep
|turn|11
|
|t:|1644019878
|move|p2a: Tyranitar|Pursuit|p1a: Latios
|-supereffective|p1a: Latios
|-damage|p1a: Latios|0 fnt
|faint|p1a: Latios
|
|-weather|Sandstorm|[upkeep]
|upkeep
|inactive|ZAIYAJIN has 240 seconds left.
|
|t:|1644019931
|switch|p1a: Ferrothorn|Ferrothorn, M|94/100
|-damage|p1a: Ferrothorn|82/100|[from] Spikes
|-damage|p1a: Ferrothorn|75/100|[from] Stealth Rock
|turn|12
|
|t:|1644019938
|switch|p2a: Ferrothorn|Ferrothorn, F|99/100
|-damage|p2a: Ferrothorn|87/100|[from] Spikes
|-damage|p2a: Ferrothorn|81/100|[from] Stealth Rock
|move|p1a: Ferrothorn|Spikes|p2a: Ferrothorn
|-sidestart|p2: MTV BRATVA|Spikes
|
|-weather|Sandstorm|[upkeep]
|-heal|p1a: Ferrothorn|82/100|[from] item: Leftovers
|upkeep
|turn|13
|
|t:|1644019945
|switch|p1a: Landorus|Landorus-Therian, M|79/100
|-damage|p1a: Landorus|67/100|[from] Stealth Rock
|-ability|p1a: Landorus|Intimidate|boost
|-unboost|p2a: Ferrothorn|atk|1
|move|p2a: Ferrothorn|Spikes|p1a: Landorus
|-sidestart|p1: ZAIYAJIN|Spikes
|
|-weather|Sandstorm|[upkeep]
|upkeep
|turn|14
|
|t:|1644019959
|switch|p2a: Tyranitar|Tyranitar, F|1/100
|-damage|p2a: Tyranitar|0 fnt|[from] Spikes
|faint|p2a: Tyranitar
|move|p1a: Landorus|Swords Dance|p1a: Landorus
|-boost|p1a: Landorus|atk|2
|
|-weather|Sandstorm|[upkeep]
|upkeep
|
|t:|1644019974
|switch|p2a: Alakazam|Alakazam, F|100/100
|turn|15
|inactive|ZAIYAJIN has 240 seconds left.
|
|t:|1644019996
|switch|p1a: Ferrothorn|Ferrothorn, M|82/100
|-damage|p1a: Ferrothorn|75/100|[from] Stealth Rock
|-damage|p1a: Ferrothorn|59/100|[from] Spikes
|move|p2a: Alakazam|Hidden Power|p1a: Ferrothorn
|-damage|p1a: Ferrothorn|42/100
|
|-weather|Sandstorm|[upkeep]
|-heal|p1a: Ferrothorn|48/100|[from] item: Leftovers
|upkeep
|turn|16
|inactive|MTV BRATVA has 270 seconds left.
|
|t:|1644020033
|switch|p2a: Reuniclus|Reuniclus, F|98/100
|move|p1a: Ferrothorn|Knock Off|p2a: Reuniclus
|-supereffective|p2a: Reuniclus
|-damage|p2a: Reuniclus|92/100
|-enditem|p2a: Reuniclus|Leftovers|[from] move: Knock Off|[of] p1a: Ferrothorn
|
|-weather|Sandstorm|[upkeep]
|-heal|p1a: Ferrothorn|54/100|[from] item: Leftovers
|upkeep
|turn|17
|inactive|MTV BRATVA has 270 seconds left.
|
|t:|1644020048
|switch|p1a: Landorus|Landorus-Therian, M|67/100
|-damage|p1a: Landorus|54/100|[from] Stealth Rock
|-ability|p1a: Landorus|Intimidate|boost
|-unboost|p2a: Reuniclus|atk|1
|move|p2a: Reuniclus|Calm Mind|p2a: Reuniclus
|-boost|p2a: Reuniclus|spa|1
|-boost|p2a: Reuniclus|spd|1
|
|-weather|Sandstorm|[upkeep]
|upkeep
|turn|18
|inactive|MTV BRATVA has 270 seconds left.
|
|t:|1644020060
|move|p1a: Landorus|Earthquake|p2a: Reuniclus
|-damage|p2a: Reuniclus|54/100
|move|p2a: Reuniclus|Hidden Power|p1a: Landorus
|-supereffective|p1a: Landorus
|-damage|p1a: Landorus|0 fnt
|faint|p1a: Landorus
|
|-weather|Sandstorm|[upkeep]
|upkeep
|
|t:|1644020065
|switch|p1a: Tyranitar|Tyranitar, F|100/100
|-damage|p1a: Tyranitar|84/100|[from] Spikes
|-damage|p1a: Tyranitar|72/100|[from] Stealth Rock
|turn|19
|inactive|ZAIYAJIN has 240 seconds left.
|inactive|MTV BRATVA has 270 seconds left.
|inactive|ZAIYAJIN has 210 seconds left.
|inactive|MTV BRATVA has 240 seconds left.
|
|t:|1644020113
|move|p1a: Tyranitar|Crunch|p2a: Reuniclus
|-supereffective|p2a: Reuniclus
|-damage|p2a: Reuniclus|0 fnt
|faint|p2a: Reuniclus
|
|-weather|Sandstorm|[upkeep]
|upkeep
|
|t:|1644020117
|switch|p2a: Gliscor|Gliscor, M|65/100 tox
|-damage|p2a: Gliscor|53/100 tox|[from] Stealth Rock
|turn|20
|
|t:|1644020121
|move|p2a: Gliscor|Earthquake|p1a: Tyranitar
|-supereffective|p1a: Tyranitar
|-damage|p1a: Tyranitar|21/100
|move|p1a: Tyranitar|Ice Punch|p2a: Gliscor
|-supereffective|p2a: Gliscor
|-damage|p2a: Gliscor|0 fnt
|faint|p2a: Gliscor
|
|-weather|Sandstorm|[upkeep]
|upkeep
|
|t:|1644020127
|switch|p2a: Latios|Latios, M|100/100
|-damage|p2a: Latios|88/100|[from] Stealth Rock
|turn|21
|
|t:|1644020137
|move|p2a: Latios|Surf|p1a: Tyranitar
|-supereffective|p1a: Tyranitar
|-damage|p1a: Tyranitar|0 fnt
|faint|p1a: Tyranitar
|
|-weather|Sandstorm|[upkeep]
|-damage|p2a: Latios|82/100|[from] Sandstorm
|upkeep
|inactive|ZAIYAJIN has 210 seconds left.
|
|t:|1644020175
|switch|p1a: Garchomp|Garchomp, F|100/100
|-damage|p1a: Garchomp|94/100|[from] Stealth Rock
|-damage|p1a: Garchomp|78/100|[from] Spikes
|turn|22
|inactive|MTV BRATVA has 270 seconds left.
|inactive|ZAIYAJIN has 180 seconds left.
|
|t:|1644020238
|switch|p2a: Ferrothorn|Ferrothorn, F|81/100
|-damage|p2a: Ferrothorn|64/100|[from] Spikes
|-damage|p2a: Ferrothorn|58/100|[from] Stealth Rock
|move|p1a: Garchomp|Dual Chop|p2a: Ferrothorn
|-resisted|p2a: Ferrothorn
|-damage|p2a: Ferrothorn|51/100
|-damage|p1a: Garchomp|65/100|[from] ability: Iron Barbs|[of] p2a: Ferrothorn
|-resisted|p2a: Ferrothorn
|-damage|p2a: Ferrothorn|44/100
|-damage|p1a: Garchomp|53/100|[from] ability: Iron Barbs|[of] p2a: Ferrothorn
|-hitcount|p2a: Ferrothorn|2
|
|-weather|Sandstorm|[upkeep]
|upkeep
|turn|23
|
|t:|1644020257
|switch|p1a: Ferrothorn|Ferrothorn, M|54/100
|-damage|p1a: Ferrothorn|38/100|[from] Spikes
|-damage|p1a: Ferrothorn|32/100|[from] Stealth Rock
|switch|p2a: Alakazam|Alakazam, F|100/100
|
|-weather|Sandstorm|[upkeep]
|-heal|p1a: Ferrothorn|38/100|[from] item: Leftovers
|upkeep
|turn|24
|
|t:|1644020262
|move|p2a: Alakazam|Focus Blast|p1a: Ferrothorn
|-supereffective|p1a: Ferrothorn
|-damage|p1a: Ferrothorn|0 fnt
|faint|p1a: Ferrothorn
|
|-weather|Sandstorm|[upkeep]
|upkeep
|inactive|ZAIYAJIN has 150 seconds left.
|
|t:|1644020290
|switch|p1a: Rotom|Rotom-Wash|100/100
|-damage|p1a: Rotom|88/100|[from] Stealth Rock
|turn|25
|inactive|MTV BRATVA has 240 seconds left.
|
|t:|1644020337
|move|p2a: Alakazam|Psychic|p1a: Rotom
|-damage|p1a: Rotom|36/100
|move|p1a: Rotom|Volt Switch|p2a: Alakazam
|-damage|p2a: Alakazam|64/100
|
|t:|1644020346
|switch|p1a: Garchomp|Garchomp, F|53/100|[from]move: Volt Switch
|-damage|p1a: Garchomp|37/100|[from] Spikes
|-damage|p1a: Garchomp|30/100|[from] Stealth Rock
|
|-weather|Sandstorm|[upkeep]
|upkeep
|turn|26
|inactive|ZAIYAJIN has 150 seconds left.
|inactive|MTV BRATVA has 210 seconds left.
|inactive|ZAIYAJIN has 120 seconds left.
|
|t:|1644020419
|move|p1a: Garchomp|Outrage|p2a: Alakazam
|-damage|p2a: Alakazam|0 fnt
|faint|p2a: Alakazam
|
|-weather|Sandstorm|[upkeep]
|upkeep
|
|t:|1644020424
|switch|p2a: Ferrothorn|Ferrothorn, F|44/100
|-damage|p2a: Ferrothorn|27/100|[from] Spikes
|-damage|p2a: Ferrothorn|21/100|[from] Stealth Rock
|turn|27
|
|t:|1644020432
|move|p1a: Garchomp|Outrage|p2a: Ferrothorn|[from]lockedmove
|-resisted|p2a: Ferrothorn
|-damage|p2a: Ferrothorn|0 fnt
|-damage|p1a: Garchomp|18/100|[from] ability: Iron Barbs|[of] p2a: Ferrothorn
|faint|p2a: Ferrothorn
|-start|p1a: Garchomp|confusion|[fatigue]
|
|-weather|Sandstorm|[upkeep]
|upkeep
|
|t:|1644020438
|switch|p2a: Latios|Latios, M|82/100
|-damage|p2a: Latios|70/100|[from] Stealth Rock
|turn|28
|inactive|ZAIYAJIN has 120 seconds left.
|
|t:|1644020461
|-activate|p1a: Garchomp|confusion
|-damage|p1a: Garchomp|3/100|[from] confusion
|move|p2a: Latios|Surf|p1a: Garchomp
|-damage|p1a: Garchomp|0 fnt
|faint|p1a: Garchomp
|
|-weather|Sandstorm|[upkeep]
|-damage|p2a: Latios|64/100|[from] Sandstorm
|upkeep
|
|t:|1644020465
|switch|p1a: Rotom|Rotom-Wash|36/100
|-damage|p1a: Rotom|24/100|[from] Stealth Rock
|turn|29
|
|t:|1644020468
|move|p2a: Latios|Draco Meteor|p1a: Rotom|[miss]
|-miss|p2a: Latios|p1a: Rotom
|move|p1a: Rotom|Pain Split|p2a: Latios
|-sethp|p2a: Latios|44/100|[from] move: Pain Split|[silent]
|-sethp|p1a: Rotom|44/100|[from] move: Pain Split
|
|-weather|Sandstorm|[upkeep]
|-damage|p2a: Latios|38/100|[from] Sandstorm
|-damage|p1a: Rotom|37/100|[from] Sandstorm
|-heal|p1a: Rotom|44/100|[from] item: Leftovers
|upkeep
|turn|30
|
|t:|1644020478
|move|p2a: Latios|Recover|p2a: Latios
|-heal|p2a: Latios|88/100
|move|p1a: Rotom|Hydro Pump|p2a: Latios
|-resisted|p2a: Latios
|-damage|p2a: Latios|67/100
|
|-weather|Sandstorm|[upkeep]
|-damage|p2a: Latios|61/100|[from] Sandstorm
|-damage|p1a: Rotom|37/100|[from] Sandstorm
|-heal|p1a: Rotom|44/100|[from] item: Leftovers
|upkeep
|turn|31
|
|t:|1644020482
|move|p2a: Latios|Draco Meteor|p1a: Rotom
|-enditem|p2a: Latios|Dragon Gem|[from] gem
|-damage|p1a: Rotom|0 fnt
|-unboost|p2a: Latios|spa|2
|faint|p1a: Rotom
|
|win|MTV BRATVA
|c|☆MTV BRATVA|gg
|c|+Pinto|tuve fe mano
|c|☆ZAIYAJIN|gg
|player|p2|MTV BRATVA|unknown
