|inactive|Battle timer is ON: inactive players will automatically lose when time's up.
|t:|1639862933
|gametype|singles
|player|p1|Hockey1|#wcop2020uswest|
|player|p2|iss|ethan|
|teamsize|p1|6
|teamsize|p2|6
|gen|5
|tier|[Gen 5] LC
|rule|Species Clause: Limit one of each Pokémon
|rule|OHKO Clause: OHKO moves are banned
|rule|Moody Clause: Moody is banned
|rule|Evasion Moves Clause: Evasion moves are banned
|rule|Endless Battle Clause: Forcing endless battles is banned
|rule|HP Percentage Mod: HP is shown in percentages
|rule|Sleep Clause: Sleep-inducing moves are banned
|clearpoke
|poke|p1|Abra, L5, F|item
|poke|p1|Gastly, L5, F|item
|poke|p1|Mienfoo, L5, M|item
|poke|p1|Diglett, L5, F|item
|poke|p1|Porygon, L5|item
|poke|p1|Staryu, L5|item
|poke|p2|Mienfoo, L5, M|item
|poke|p2|Abra, L5, M|item
|poke|p2|Hippopotas, L5, F|item
|poke|p2|Gastly, L5, F|item
|poke|p2|Staryu, L5|item
|poke|p2|Lileep, L5, F|item
|teampreview
|c|☆iss|gl!
|inactive|Hockey1 has 270 seconds left.
|inactive|iss has 270 seconds left.
|c|☆Hockey1|u2
|
|t:|1639862979
|start
|switch|p1a: Mienfoo|Mienfoo, L5, M|100/100
|switch|p2a: Mienfoo|Mienfoo, L5, M|100/100
|turn|1
|
|t:|1639862984
|move|p2a: Mienfoo|Fake Out|p1a: Mienfoo
|-damage|p1a: Mienfoo|88/100
|cant|p1a: Mienfoo|flinch
|
|upkeep
|turn|2
|inactive|iss has 270 seconds left.
|
|t:|1639863030
|move|p1a: Mienfoo|Knock Off|p2a: Mienfoo
|-resisted|p2a: Mienfoo
|-damage|p2a: Mienfoo|96/100
|-enditem|p2a: Mienfoo|Eviolite|[from] move: Knock Off|[of] p1a: Mienfoo
|move|p2a: Mienfoo|Knock Off|p1a: Mienfoo
|-resisted|p1a: Mienfoo
|-damage|p1a: Mienfoo|84/100
|-enditem|p1a: Mienfoo|Eviolite|[from] move: Knock Off|[of] p2a: Mienfoo
|
|upkeep
|turn|3
|
|t:|1639863041
|move|p2a: Mienfoo|U-turn|p1a: Mienfoo
|-resisted|p1a: Mienfoo
|-damage|p1a: Mienfoo|71/100
|
|t:|1639863047
|switch|p2a: Hippopotas|Hippopotas, L5, F|100/100|[from]move: U-turn
|-weather|Sandstorm|[from] ability: Sand Stream|[of] p2a: Hippopotas
|move|p1a: Mienfoo|U-turn|p2a: Hippopotas
|-damage|p2a: Hippopotas|84/100
|
|t:|1639863053
|switch|p1a: Staryu|Staryu, L5|100/100|[from]move: U-turn
|
|-weather|Sandstorm|[upkeep]
|-damage|p1a: Staryu|96/100|[from] Sandstorm
|upkeep
|turn|4
|inactive|iss has 240 seconds left.
|
|t:|1639863108
|move|p1a: Staryu|Toxic|p2a: Hippopotas
|-status|p2a: Hippopotas|tox
|move|p2a: Hippopotas|Earthquake|p1a: Staryu
|-damage|p1a: Staryu|53/100
|
|-weather|Sandstorm|[upkeep]
|-damage|p1a: Staryu|48/100|[from] Sandstorm
|-damage|p2a: Hippopotas|80/100 tox|[from] psn
|upkeep
|turn|5
|inactive|iss has 210 seconds left.
|
|t:|1639863143
|switch|p2a: Lileep|Lileep, L5, F|100/100
|move|p1a: Staryu|Recover|p1a: Staryu
|-heal|p1a: Staryu|100/100
|
|-weather|Sandstorm|[upkeep]
|-damage|p1a: Staryu|96/100|[from] Sandstorm
|upkeep
|turn|6
|inactive|Hockey1 has 270 seconds left.
|
|t:|1639863189
|switch|p1a: Mienfoo|Mienfoo, L5, M|100/100
|move|p2a: Lileep|Giga Drain|p1a: Mienfoo
|-damage|p1a: Mienfoo|50/100
|
|-weather|Sandstorm|[upkeep]
|-damage|p1a: Mienfoo|46/100|[from] Sandstorm
|upkeep
|turn|7
|inactive|Hockey1 has 240 seconds left.
|inactive|iss has 180 seconds left.
|
|t:|1639863246
|move|p1a: Mienfoo|U-turn|p2a: Lileep
|-supereffective|p2a: Lileep
|-damage|p2a: Lileep|54/100
|
|t:|1639863250
|switch|p1a: Gastly|Gastly, L5, F|100/100|[from]move: U-turn
|move|p2a: Lileep|Giga Drain|p1a: Gastly
|-resisted|p1a: Gastly
|-damage|p1a: Gastly|69/100
|-heal|p2a: Lileep|66/100|[from] drain|[of] p1a: Gastly
|
|-weather|Sandstorm|[upkeep]
|-damage|p1a: Gastly|64/100|[from] Sandstorm
|upkeep
|turn|8
|
|t:|1639863265
|move|p1a: Gastly|Sludge Bomb|p2a: Lileep
|-damage|p2a: Lileep|35/100
|-status|p2a: Lileep|psn
|-damage|p1a: Gastly|58/100|[from] item: Life Orb
|move|p2a: Lileep|Recover|p2a: Lileep
|-heal|p2a: Lileep|85/100 psn
|
|-weather|Sandstorm|[upkeep]
|-damage|p1a: Gastly|53/100|[from] Sandstorm
|-damage|p2a: Lileep|74/100 psn|[from] psn
|upkeep
|turn|9
|inactive|Hockey1 has 240 seconds left.
|inactive|iss has 150 seconds left.
|
|t:|1639863301
|move|p1a: Gastly|Shadow Ball|p2a: Lileep
|-damage|p2a: Lileep|43/100 psn
|-damage|p1a: Gastly|48/100|[from] item: Life Orb
|move|p2a: Lileep|Giga Drain|p1a: Gastly
|-resisted|p1a: Gastly
|-damage|p1a: Gastly|16/100
|-heal|p2a: Lileep|54/100 psn|[from] drain|[of] p1a: Gastly
|
|-weather|Sandstorm|[upkeep]
|-damage|p1a: Gastly|11/100|[from] Sandstorm
|-damage|p2a: Lileep|43/100 psn|[from] psn
|upkeep
|turn|10
|
|t:|1639863310
|switch|p1a: Mienfoo|Mienfoo, L5, M|80/100
|move|p2a: Lileep|Recover|p2a: Lileep
|-heal|p2a: Lileep|93/100 psn
|
|-weather|Sandstorm|[upkeep]
|-damage|p1a: Mienfoo|75/100|[from] Sandstorm
|-damage|p2a: Lileep|81/100 psn|[from] psn
|upkeep
|turn|11
|
|t:|1639863329
|switch|p2a: Hippopotas|Hippopotas, L5, F|80/100 tox
|move|p1a: Mienfoo|Knock Off|p2a: Hippopotas
|-damage|p2a: Hippopotas|76/100 tox
|-enditem|p2a: Hippopotas|Eviolite|[from] move: Knock Off|[of] p1a: Mienfoo
|
|-weather|Sandstorm|[upkeep]
|-damage|p1a: Mienfoo|71/100|[from] Sandstorm
|-damage|p2a: Hippopotas|72/100 tox|[from] psn
|upkeep
|turn|12
|
|t:|1639863353
|move|p1a: Mienfoo|U-turn|p2a: Hippopotas
|-damage|p2a: Hippopotas|52/100 tox
|
|t:|1639863355
|switch|p1a: Staryu|Staryu, L5|96/100|[from]move: U-turn
|move|p2a: Hippopotas|Earthquake|p1a: Staryu
|-damage|p1a: Staryu|53/100
|
|-weather|Sandstorm|[upkeep]
|-damage|p1a: Staryu|48/100|[from] Sandstorm
|-damage|p2a: Hippopotas|44/100 tox|[from] psn
|upkeep
|turn|13
|
|t:|1639863361
|switch|p2a: Lileep|Lileep, L5, F|81/100 psn
|move|p1a: Staryu|Recover|p1a: Staryu
|-heal|p1a: Staryu|100/100
|
|-weather|Sandstorm|[upkeep]
|-damage|p1a: Staryu|96/100|[from] Sandstorm
|-damage|p2a: Lileep|70/100 psn|[from] psn
|upkeep
|turn|14
|inactive|Hockey1 has 270 seconds left.
|
|t:|1639863378
|switch|p1a: Porygon|Porygon, L5|100/100
|-ability|p1a: Porygon|Storm Drain|[from] ability: Trace|[of] p2a: Lileep
|move|p2a: Lileep|Giga Drain|p1a: Porygon
|-damage|p1a: Porygon|77/100
|-heal|p2a: Lileep|81/100 psn|[from] drain|[of] p1a: Porygon
|
|-weather|Sandstorm|[upkeep]
|-damage|p1a: Porygon|74/100|[from] Sandstorm
|-damage|p2a: Lileep|70/100 psn|[from] psn
|upkeep
|turn|15
|inactive|Hockey1 has 270 seconds left.
|
|t:|1639863393
|move|p1a: Porygon|Psychic|p2a: Lileep
|-damage|p2a: Lileep|58/100 psn
|move|p2a: Lileep|Toxic|p1a: Porygon
|-status|p1a: Porygon|tox
|
|-weather|Sandstorm|[upkeep]
|-damage|p1a: Porygon|70/100 tox|[from] Sandstorm
|-damage|p1a: Porygon|66/100 tox|[from] psn
|-damage|p2a: Lileep|47/100 psn|[from] psn
|upkeep
|turn|16
|inactive|Hockey1 has 270 seconds left.
|inactive|iss has 150 seconds left.
|
|t:|1639863417
|switch|p1a: Mienfoo|Mienfoo, L5, M|100/100
|move|p2a: Lileep|Giga Drain|p1a: Mienfoo
|-damage|p1a: Mienfoo|46/100
|-heal|p2a: Lileep|74/100 psn|[from] drain|[of] p1a: Mienfoo
|
|-weather|Sandstorm|[upkeep]
|-damage|p1a: Mienfoo|42/100|[from] Sandstorm
|-damage|p2a: Lileep|62/100 psn|[from] psn
|upkeep
|turn|17
|inactive|iss has 150 seconds left.
|inactive|iss has 120 seconds left.
|
|t:|1639863471
|switch|p2a: Gastly|Gastly, L5, F|100/100
|move|p1a: Mienfoo|U-turn|p2a: Gastly
|-resisted|p2a: Gastly
|-crit|p2a: Gastly
|-damage|p2a: Gastly|86/100
|
|t:|1639863499
|switch|p1a: Abra|Abra, L5, F|100/100|[from]move: U-turn
|
|-weather|Sandstorm|[upkeep]
|-damage|p2a: Gastly|81/100|[from] Sandstorm
|upkeep
|turn|18
|inactive|iss has 120 seconds left.
|
|t:|1639863532
|switch|p1a: Porygon|Porygon, L5|66/100 tox
|-ability|p1a: Porygon|Levitate|[from] ability: Trace|[of] p2a: Gastly
|switch|p2a: Hippopotas|Hippopotas, L5, F|44/100 tox
|
|-weather|Sandstorm|[upkeep]
|-damage|p1a: Porygon|62/100 tox|[from] Sandstorm
|-damage|p1a: Porygon|58/100 tox|[from] psn
|-damage|p2a: Hippopotas|40/100 tox|[from] psn
|upkeep
|turn|19
|
|t:|1639863540
|move|p1a: Porygon|Tri Attack|p2a: Hippopotas
|-damage|p2a: Hippopotas|0 fnt
|faint|p2a: Hippopotas
|
|-weather|Sandstorm|[upkeep]
|-damage|p1a: Porygon|54/100 tox|[from] Sandstorm
|-damage|p1a: Porygon|47/100 tox|[from] psn
|upkeep
|inactive|iss has 90 seconds left.
|
|t:|1639863557
|switch|p2a: Mienfoo|Mienfoo, L5, M|100/100
|turn|20
|inactive|iss has 90 seconds left.
|
|t:|1639863568
|switch|p1a: Gastly|Gastly, L5, F|11/100
|move|p2a: Mienfoo|Knock Off|p1a: Gastly
|-supereffective|p1a: Gastly
|-damage|p1a: Gastly|0 fnt
|-enditem|p1a: Gastly|Life Orb|[from] move: Knock Off|[of] p2a: Mienfoo
|faint|p1a: Gastly
|
|-weather|Sandstorm|[upkeep]
|-damage|p2a: Mienfoo|96/100|[from] Sandstorm
|upkeep
|
|t:|1639863574
|switch|p1a: Abra|Abra, L5, F|100/100
|turn|21
|inactive|iss has 90 seconds left.
|inactive|Hockey1 has 270 seconds left.
|inactive|iss has 60 seconds left.
|
|t:|1639863630
|switch|p2a: Gastly|Gastly, L5, F|81/100
|move|p1a: Abra|Psychic|p2a: Gastly
|-supereffective|p2a: Gastly
|-damage|p2a: Gastly|0 fnt
|faint|p2a: Gastly
|
|-weather|Sandstorm|[upkeep]
|upkeep
|
|t:|1639863633
|switch|p2a: Lileep|Lileep, L5, F|62/100 psn
|turn|22
|
|t:|1639863636
|switch|p1a: Mienfoo|Mienfoo, L5, M|75/100
|move|p2a: Lileep|Giga Drain|p1a: Mienfoo
|-damage|p1a: Mienfoo|21/100
|-heal|p2a: Lileep|89/100 psn|[from] drain|[of] p1a: Mienfoo
|
|-weather|Sandstorm|[upkeep]
|-damage|p1a: Mienfoo|17/100|[from] Sandstorm
|-damage|p2a: Lileep|77/100 psn|[from] psn
|upkeep
|turn|23
|inactive|iss has 60 seconds left.
|
|t:|1639863653
|switch|p2a: Mienfoo|Mienfoo, L5, M|100/100
|move|p1a: Mienfoo|U-turn|p2a: Mienfoo
|-resisted|p2a: Mienfoo
|-crit|p2a: Mienfoo
|-damage|p2a: Mienfoo|74/100
|
|t:|1639863658
|switch|p1a: Abra|Abra, L5, F|100/100|[from]move: U-turn
|
|-weather|Sandstorm|[upkeep]
|-damage|p2a: Mienfoo|70/100|[from] Sandstorm
|upkeep
|turn|24
|
|t:|1639863664
|switch|p2a: Lileep|Lileep, L5, F|77/100 psn
|move|p1a: Abra|Trick|p2a: Lileep
|-activate|p1a: Abra|move: Trick|[of] p2a: Lileep
|-item|p2a: Lileep|Choice Scarf|[from] move: Trick
|-item|p1a: Abra|Eviolite|[from] move: Trick
|
|-weather|Sandstorm|[upkeep]
|-damage|p2a: Lileep|66/100 psn|[from] psn
|upkeep
|turn|25
|inactive|Hockey1 has 270 seconds left.
|
|t:|1639863694
|move|p1a: Abra|Hidden Power|p2a: Lileep
|-supereffective|p2a: Lileep
|-damage|p2a: Lileep|27/100 psn
|move|p2a: Lileep|Giga Drain|p1a: Abra
|-damage|p1a: Abra|65/100
|-heal|p2a: Lileep|43/100 psn|[from] drain|[of] p1a: Abra
|
|-weather|Sandstorm|[upkeep]
|-damage|p2a: Lileep|31/100 psn|[from] psn
|upkeep
|turn|26
|inactive|Hockey1 has 270 seconds left.
|inactive|iss has 60 seconds left.
|
|t:|1639863733
|switch|p2a: Mienfoo|Mienfoo, L5, M|100/100
|move|p1a: Abra|Psychic|p2a: Mienfoo
|-supereffective|p2a: Mienfoo
|-damage|p2a: Mienfoo|0 fnt
|faint|p2a: Mienfoo
|
|-weather|Sandstorm|[upkeep]
|upkeep
|
|t:|1639863745
|switch|p2a: Abra|Abra, L5, M|100/100
|turn|27
|inactive|Hockey1 has 270 seconds left.
|
|t:|1639863781
|move|p2a: Abra|Shadow Ball|p1a: Abra
|-supereffective|p1a: Abra
|-damage|p1a: Abra|0 fnt
|faint|p1a: Abra
|
|-weather|Sandstorm|[upkeep]
|upkeep
|inactive|Hockey1 has 240 seconds left.
|
|t:|1639863818
|switch|p1a: Diglett|Diglett, L5, F|100/100
|turn|28
|inactive|iss has 60 seconds left.
|inactive|Hockey1 has 210 seconds left.
|
|t:|1639863845
|move|p1a: Diglett|Earthquake|p2a: Abra
|-enditem|p2a: Abra|Focus Sash
|-damage|p2a: Abra|6/100
|-damage|p1a: Diglett|95/100|[from] item: Life Orb
|move|p2a: Abra|Psychic|p1a: Diglett
|-damage|p1a: Diglett|0 fnt
|faint|p1a: Diglett
|
|-weather|Sandstorm|[upkeep]
|upkeep
|inactive|Hockey1 has 180 seconds left.
|
|t:|1639863877
|switch|p1a: Staryu|Staryu, L5|96/100
|turn|29
|inactive|Hockey1 has 180 seconds left.
|inactive|iss has 60 seconds left.
|
|t:|1639863891
|move|p2a: Abra|Protect|p2a: Abra
|-singleturn|p2a: Abra|Protect
|move|p1a: Staryu|Scald|p2a: Abra
|-activate|p2a: Abra|move: Protect
|
|-weather|Sandstorm|[upkeep]
|-damage|p1a: Staryu|91/100|[from] Sandstorm
|upkeep
|turn|30
|inactive|iss has 60 seconds left.
|
|t:|1639863903
|switch|p2a: Lileep|Lileep, L5, F|31/100 psn
|move|p1a: Staryu|Rapid Spin|p2a: Lileep
|-resisted|p2a: Lileep
|-crit|p2a: Lileep
|-damage|p2a: Lileep|24/100 psn
|
|-weather|Sandstorm|[upkeep]
|-damage|p1a: Staryu|86/100|[from] Sandstorm
|-damage|p2a: Lileep|12/100 psn|[from] psn
|upkeep
|turn|31
|inactive|iss has 60 seconds left.
|inactive|Hockey1 has 180 seconds left.
|
|t:|1639863937
|switch|p1a: Porygon|Porygon, L5|47/100 tox
|-ability|p1a: Porygon|Storm Drain|[from] ability: Trace|[of] p2a: Lileep
|move|p2a: Lileep|Giga Drain|p1a: Porygon
|-damage|p1a: Porygon|24/100 tox
|-heal|p2a: Lileep|24/100 psn|[from] drain|[of] p1a: Porygon
|
|-weather|Sandstorm|[upkeep]
|-damage|p1a: Porygon|20/100 tox|[from] Sandstorm
|-damage|p2a: Lileep|12/100 psn|[from] psn
|-damage|p1a: Porygon|16/100 tox|[from] psn
|upkeep
|turn|32
|
|t:|1639863942
|move|p2a: Lileep|Giga Drain|p1a: Porygon
|-damage|p1a: Porygon|0 fnt
|-heal|p2a: Lileep|20/100 psn|[from] drain|[of] p1a: Porygon
|faint|p1a: Porygon
|
|-weather|Sandstorm|[upkeep]
|-damage|p2a: Lileep|8/100 psn|[from] psn
|upkeep
|inactive|Hockey1 has 180 seconds left.
|
|t:|1639863949
|switch|p1a: Mienfoo|Mienfoo, L5, M|50/100
|turn|33
|
|t:|1639863951
|move|p1a: Mienfoo|U-turn|p2a: Lileep
|-supereffective|p2a: Lileep
|-damage|p2a: Lileep|0 fnt
|faint|p2a: Lileep
|
|t:|1639863955
|switch|p1a: Staryu|Staryu, L5|86/100|[from]move: U-turn
|
|-weather|Sandstorm|[upkeep]
|-damage|p1a: Staryu|81/100|[from] Sandstorm
|upkeep
|inactive|iss has 60 seconds left.
|
|t:|1639863995
|switch|p2a: Staryu|Staryu, L5|100/100
|turn|34
|inactive|iss has 60 seconds left.
|
|t:|1639864019
|move|p2a: Staryu|Toxic|p1a: Staryu
|-status|p1a: Staryu|tox
|move|p1a: Staryu|Toxic|p2a: Staryu|[miss]
|-miss|p1a: Staryu|p2a: Staryu
|
|-weather|Sandstorm|[upkeep]
|-damage|p2a: Staryu|96/100|[from] Sandstorm
|-damage|p1a: Staryu|77/100 tox|[from] Sandstorm
|-damage|p1a: Staryu|72/100 tox|[from] psn
|upkeep
|turn|35
|inactive|iss has 60 seconds left.
|
|t:|1639864051
|move|p1a: Staryu|Toxic|p2a: Staryu
|-status|p2a: Staryu|tox
|move|p2a: Staryu|Scald|p1a: Staryu
|-resisted|p1a: Staryu
|-damage|p1a: Staryu|58/100 tox
|
|-weather|Sandstorm|[upkeep]
|-damage|p2a: Staryu|91/100 tox|[from] Sandstorm
|-damage|p1a: Staryu|53/100 tox|[from] Sandstorm
|-damage|p1a: Staryu|43/100 tox|[from] psn
|-damage|p2a: Staryu|86/100 tox|[from] psn
|upkeep
|turn|36
|
|t:|1639864061
|-curestatus|p2a: Staryu|tox|[from] ability: Natural Cure
|switch|p2a: Abra|Abra, L5, M|6/100
|move|p1a: Staryu|Recover|p1a: Staryu
|-heal|p1a: Staryu|96/100 tox
|
|-weather|Sandstorm|[upkeep]
|-damage|p1a: Staryu|91/100 tox|[from] Sandstorm
|-damage|p1a: Staryu|77/100 tox|[from] psn
|upkeep
|turn|37
|
|t:|1639864068
|move|p2a: Abra|Protect|p2a: Abra
|-singleturn|p2a: Abra|Protect
|move|p1a: Staryu|Toxic|p2a: Abra
|-activate|p2a: Abra|move: Protect
|
|-weather|Sandstorm|[upkeep]
|-damage|p1a: Staryu|72/100 tox|[from] Sandstorm
|-damage|p1a: Staryu|53/100 tox|[from] psn
|upkeep
|turn|38
|inactive|Hockey1 has 210 seconds left.
|
|t:|1639864077
|switch|p2a: Staryu|Staryu, L5|86/100
|-curestatus|p1a: Staryu|tox|[from] ability: Natural Cure
|switch|p1a: Mienfoo|Mienfoo, L5, M|84/100
|
|-weather|Sandstorm|[upkeep]
|-damage|p2a: Staryu|81/100|[from] Sandstorm
|-damage|p1a: Mienfoo|80/100|[from] Sandstorm
|upkeep
|turn|39
|inactive|Hockey1 has 210 seconds left.
|
|t:|1639864094
|move|p2a: Staryu|Scald|p1a: Mienfoo
|-damage|p1a: Mienfoo|38/100
|-status|p1a: Mienfoo|brn
|move|p1a: Mienfoo|High Jump Kick|p2a: Staryu
|-damage|p2a: Staryu|53/100
|
|-weather|Sandstorm|[upkeep]
|-damage|p2a: Staryu|48/100|[from] Sandstorm
|-damage|p1a: Mienfoo|34/100 brn|[from] Sandstorm
|-damage|p1a: Mienfoo|21/100 brn|[from] brn
|upkeep
|turn|40
|inactive|Hockey1 has 210 seconds left.
|inactive|iss has 30 seconds left.
|
|t:|1639864128
|switch|p1a: Staryu|Staryu, L5|53/100
|move|p2a: Staryu|Scald|p1a: Staryu
|-resisted|p1a: Staryu
|-crit|p1a: Staryu
|-damage|p1a: Staryu|15/100
|
|-weather|Sandstorm|[upkeep]
|-damage|p2a: Staryu|43/100|[from] Sandstorm
|-damage|p1a: Staryu|10/100|[from] Sandstorm
|upkeep
|turn|41
|inactive|iss has 30 seconds left.
|
|t:|1639864141
|move|p1a: Staryu|Recover|p1a: Staryu
|-heal|p1a: Staryu|62/100
|move|p2a: Staryu|Toxic|p1a: Staryu|[miss]
|-miss|p2a: Staryu|p1a: Staryu
|
|-weather|Sandstorm|[upkeep]
|-damage|p1a: Staryu|58/100|[from] Sandstorm
|-damage|p2a: Staryu|39/100|[from] Sandstorm
|upkeep
|turn|42
|
|t:|1639864149
|move|p1a: Staryu|Toxic|p2a: Staryu
|-status|p2a: Staryu|tox
|move|p2a: Staryu|Recover|p2a: Staryu
|-heal|p2a: Staryu|91/100 tox
|
|-weather|Sandstorm|[upkeep]
|-damage|p1a: Staryu|53/100|[from] Sandstorm
|-damage|p2a: Staryu|86/100 tox|[from] Sandstorm
|-damage|p2a: Staryu|81/100 tox|[from] psn
|upkeep
|turn|43
|
|t:|1639864157
|move|p1a: Staryu|Recover|p1a: Staryu
|-heal|p1a: Staryu|100/100
|move|p2a: Staryu|Toxic|p1a: Staryu
|-status|p1a: Staryu|tox
|
|-weather|Sandstorm|[upkeep]
|-damage|p2a: Staryu|77/100 tox|[from] Sandstorm
|-damage|p1a: Staryu|96/100 tox|[from] Sandstorm
|-damage|p1a: Staryu|91/100 tox|[from] psn
|-damage|p2a: Staryu|67/100 tox|[from] psn
|upkeep
|turn|44
|
|t:|1639864168
|move|p1a: Staryu|Scald|p2a: Staryu
|-resisted|p2a: Staryu
|-damage|p2a: Staryu|53/100 tox
|move|p2a: Staryu|Scald|p1a: Staryu
|-resisted|p1a: Staryu
|-damage|p1a: Staryu|77/100 tox
|
|-weather|Sandstorm|[upkeep]
|-damage|p2a: Staryu|48/100 tox|[from] Sandstorm
|-damage|p1a: Staryu|72/100 tox|[from] Sandstorm
|-damage|p2a: Staryu|34/100 tox|[from] psn
|-damage|p1a: Staryu|62/100 tox|[from] psn
|upkeep
|turn|45
|inactive|iss has 30 seconds left.
|
|t:|1639864194
|-curestatus|p1a: Staryu|tox|[from] ability: Natural Cure
|switch|p1a: Mienfoo|Mienfoo, L5, M|55/100 brn
|move|p2a: Staryu|Recover|p2a: Staryu
|-heal|p2a: Staryu|86/100 tox
|
|-weather|Sandstorm|[upkeep]
|-damage|p2a: Staryu|81/100 tox|[from] Sandstorm
|-damage|p1a: Mienfoo|50/100 brn|[from] Sandstorm
|-damage|p2a: Staryu|62/100 tox|[from] psn
|-damage|p1a: Mienfoo|38/100 brn|[from] brn
|upkeep
|turn|46
|inactive|iss has 30 seconds left.
|inactive|iss has 20 seconds left.
|
|t:|1639864212
|move|p1a: Mienfoo|Fake Out|p2a: Staryu
|-damage|p2a: Staryu|58/100 tox
|cant|p2a: Staryu|flinch
|
|-weather|Sandstorm|[upkeep]
|-damage|p2a: Staryu|53/100 tox|[from] Sandstorm
|-damage|p1a: Mienfoo|34/100 brn|[from] Sandstorm
|-damage|p2a: Staryu|29/100 tox|[from] psn
|-damage|p1a: Mienfoo|21/100 brn|[from] brn
|upkeep
|turn|47
|inactive|iss has 30 seconds left this turn.
|inactive|iss has 20 seconds left.
|
|t:|1639864223
|move|p2a: Staryu|Scald|p1a: Mienfoo
|-damage|p1a: Mienfoo|0 fnt
|faint|p1a: Mienfoo
|
|-weather|Sandstorm|[upkeep]
|-damage|p2a: Staryu|24/100 tox|[from] Sandstorm
|-damage|p2a: Staryu|0 fnt|[from] psn
|faint|p2a: Staryu
|upkeep
|inactive|iss has 30 seconds left this turn.
|
|t:|1639864226
|switch|p2a: Abra|Abra, L5, M|6/100
|switch|p1a: Staryu|Staryu, L5|62/100
|turn|48
|c|☆Hockey1|gg
|
|t:|1639864233
|move|p1a: Staryu|Scald|p2a: Abra
|-damage|p2a: Abra|0 fnt
|faint|p2a: Abra
|
|win|Hockey1
|c|☆iss|gg
