|inactive|Battle timer is ON: inactive players will automatically lose when time's up.
|t:|1644118138
|gametype|singles
|player|p1|Shuckleking87|102|
|player|p2|cb aaron judge|camper-gen3rs|
|teamsize|p1|6
|teamsize|p2|6
|gen|5
|tier|[Gen 5] NU
|rule|Species Clause: Limit one of each Pokémon
|rule|OHKO Clause: OHKO moves are banned
|rule|Moody Clause: Moody is banned
|rule|Evasion Moves Clause: Evasion moves are banned
|rule|Endless Battle Clause: Forcing endless battles is banned
|rule|HP Percentage Mod: HP is shown in percentages
|rule|Evasion Abilities Clause: Evasion abilities are banned
|rule|Swagger Clause: Swagger is banned
|rule|Baton Pass Clause: Limit one Baton Passer, can't pass Spe and other stats simultaneously
|rule|Sleep Clause Mod: Limit one foe put to sleep
|clearpoke
|poke|p1|Gorebyss, F|item
|poke|p1|Skuntank, M|item
|poke|p1|Gardevoir, M|item
|poke|p1|Regirock|item
|poke|p1|Rotom-Fan|item
|poke|p1|Serperior, M|item
|poke|p2|Garbodor, M|item
|poke|p2|Scraggy, M|item
|poke|p2|Carracosta, M|item
|poke|p2|Rotom-Fan|item
|poke|p2|Piloswine, M|item
|poke|p2|Gardevoir, F|item
|teampreview
|c|☆cb aaron judge|hf
|c|☆Shuckleking87|ooo scraggy
|c|☆Shuckleking87|glhf
|c|☆cb aaron judge|yes
|c|☆Shuckleking87|goated
|inactive|Shuckleking87 has 270 seconds left.
|c|☆cb aaron judge|i used this in spl5 w7 vs flcl
|c|☆cb aaron judge|it won
|c|☆cb aaron judge|that was 
|c|☆cb aaron judge|8 years ago almost
|c|☆Shuckleking87|ahh nice haha scraggy is a cool mon
|inactive|Shuckleking87 has 240 seconds left.
|
|t:|1644118203
|start
|switch|p1a: Gardevoir|Gardevoir, M|100/100
|switch|p2a: Piloswine|Piloswine, M|100/100
|-ability|p1a: Gardevoir|Thick Fat|[from] ability: Trace|[of] p2a: Piloswine
|turn|1
|
|t:|1644118226
|switch|p2a: Gardevoir|Gardevoir, F|100/100
|-ability|p2a: Gardevoir|Thick Fat|[from] ability: Trace|[of] p1a: Gardevoir
|move|p1a: Gardevoir|Psychic|p2a: Gardevoir
|-resisted|p2a: Gardevoir
|-damage|p2a: Gardevoir|75/100
|-unboost|p2a: Gardevoir|spd|1
|
|upkeep
|turn|2
|c|+Bughouse|Gorebyss is here
|
|t:|1644118246
|switch|p1a: Rotom|Rotom-Fan|100/100
|switch|p2a: Scraggy|Scraggy, M|100/100
|
|upkeep
|turn|3
|
|t:|1644118253
|switch|p2a: Piloswine|Piloswine, M|100/100
|move|p1a: Rotom|Air Slash|p2a: Piloswine
|-damage|p2a: Piloswine|72/100
|
|upkeep
|turn|4
|inactive|Shuckleking87 has 270 seconds left.
|
|t:|1644118282
|switch|p1a: Gorebyss|Gorebyss, F|100/100
|move|p2a: Piloswine|Stealth Rock|p1a: Gorebyss
|-sidestart|p1: Shuckleking87|move: Stealth Rock
|
|upkeep
|turn|5
|inactive|Shuckleking87 has 270 seconds left.
|c|+Bughouse|I like your team except for dealing w frostom :/
|c|☆Shuckleking87|yea
|inactive|cb aaron judge has 270 seconds left.
|c|☆Shuckleking87|i say gg if i see that mon
|
|t:|1644118319
|switch|p2a: Gardevoir|Gardevoir, F|75/100
|-ability|p2a: Gardevoir|Swift Swim|[from] ability: Trace|[of] p1a: Gorebyss
|move|p1a: Gorebyss|Substitute|p1a: Gorebyss
|-start|p1a: Gorebyss|Substitute
|-damage|p1a: Gorebyss|76/100
|
|upkeep
|turn|6
|c|☆Shuckleking87|which is pretty common tbf lol
|
|t:|1644118343
|move|p2a: Gardevoir|Thunderbolt|p1a: Gorebyss
|-supereffective|p1a: Gorebyss
|-end|p1a: Gorebyss|Substitute
|move|p1a: Gorebyss|Shell Smash|p1a: Gorebyss
|-unboost|p1a: Gorebyss|def|1
|-unboost|p1a: Gorebyss|spd|1
|-boost|p1a: Gorebyss|atk|2
|-boost|p1a: Gorebyss|spa|2
|-boost|p1a: Gorebyss|spe|2
|
|upkeep
|turn|7
|
|t:|1644118355
|move|p1a: Gorebyss|Surf|p2a: Gardevoir
|-damage|p2a: Gardevoir|0 fnt
|faint|p2a: Gardevoir
|
|upkeep
|
|t:|1644118358
|switch|p2a: Rotom|Rotom-Fan|100/100
|turn|8
|c|☆cb aaron judge|lol
|c|☆cb aaron judge|misclick
|c|☆cb aaron judge|o well
|inactive|Shuckleking87 has 240 seconds left.
|c|+Bughouse|Or good bluff lol
|
|t:|1644118413
|switch|p1a: Regirock|Regirock|100/100
|-damage|p1a: Regirock|88/100|[from] Stealth Rock
|move|p2a: Rotom|Volt Switch|p1a: Regirock
|-damage|p1a: Regirock|58/100
|c|☆cb aaron judge|LOL
|c|☆cb aaron judge|yeah
|
|t:|1644118437
|switch|p2a: Carracosta|Carracosta, M|100/100|[from]move: Volt Switch
|
|upkeep
|turn|9
|
|t:|1644118445
|move|p2a: Carracosta|Shell Smash|p2a: Carracosta
|-unboost|p2a: Carracosta|def|1
|-unboost|p2a: Carracosta|spd|1
|-boost|p2a: Carracosta|atk|2
|-boost|p2a: Carracosta|spa|2
|-boost|p2a: Carracosta|spe|2
|move|p1a: Regirock|Thunder Wave|p2a: Carracosta
|-status|p2a: Carracosta|par
|
|upkeep
|turn|10
|inactive|Shuckleking87 has 210 seconds left.
|
|t:|1644118479
|move|p1a: Regirock|Rock Slide|p2a: Carracosta
|-damage|p2a: Carracosta|56/100 par
|move|p2a: Carracosta|Waterfall|p1a: Regirock
|-supereffective|p1a: Regirock
|-damage|p1a: Regirock|0 fnt
|faint|p1a: Regirock
|-damage|p2a: Carracosta|46/100 par|[from] item: Life Orb
|
|upkeep
|inactive|Shuckleking87 has 180 seconds left.
|inactive|Shuckleking87 has 150 seconds left.
|
|t:|1644118554
|switch|p1a: Gorebyss|Gorebyss, F|76/100
|-damage|p1a: Gorebyss|63/100|[from] Stealth Rock
|turn|11
|inactive|cb aaron judge has 270 seconds left.
|
|t:|1644118590
|move|p2a: Carracosta|Aqua Jet|p1a: Gorebyss
|-resisted|p1a: Gorebyss
|-damage|p1a: Gorebyss|29/100
|-damage|p2a: Carracosta|36/100 par|[from] item: Life Orb
|move|p1a: Gorebyss|Substitute|p1a: Gorebyss
|-start|p1a: Gorebyss|Substitute
|-damage|p1a: Gorebyss|4/100
|
|upkeep
|turn|12
|inactive|cb aaron judge has 270 seconds left.
|
|t:|1644118600
|cant|p2a: Carracosta|par
|move|p1a: Gorebyss|Surf|p2a: Carracosta
|-damage|p2a: Carracosta|0 fnt
|faint|p2a: Carracosta
|
|upkeep
|inactive|cb aaron judge has 270 seconds left.
|c|☆Shuckleking87|nice lol
|
|t:|1644118608
|switch|p2a: Piloswine|Piloswine, M|72/100
|turn|13
|
|t:|1644118621
|move|p2a: Piloswine|Ice Shard|p1a: Gorebyss
|-resisted|p1a: Gorebyss
|-activate|p1a: Gorebyss|Substitute|[damage]
|move|p1a: Gorebyss|Surf|p2a: Piloswine
|-supereffective|p2a: Piloswine
|-damage|p2a: Piloswine|0 fnt
|faint|p2a: Piloswine
|
|upkeep
|
|t:|1644118628
|switch|p2a: Garbodor|Garbodor, M|100/100
|turn|14
|c|+Bughouse|? Why would you not bolt to pilo
|inactive|Shuckleking87 has 120 seconds left.
|
|t:|1644118665
|move|p2a: Garbodor|Seed Bomb|p1a: Gorebyss
|-supereffective|p1a: Gorebyss
|-crit|p1a: Gorebyss
|-end|p1a: Gorebyss|Substitute
|move|p1a: Gorebyss|Shell Smash|p1a: Gorebyss
|-unboost|p1a: Gorebyss|def|1
|-unboost|p1a: Gorebyss|spd|1
|-boost|p1a: Gorebyss|atk|2
|-boost|p1a: Gorebyss|spa|2
|-boost|p1a: Gorebyss|spe|2
|
|upkeep
|turn|15
|inactive|Shuckleking87 has 120 seconds left.
|
|t:|1644118678
|move|p1a: Gorebyss|Surf|p2a: Garbodor
|-enditem|p2a: Garbodor|Focus Sash
|-damage|p2a: Garbodor|1/100
|move|p2a: Garbodor|Seed Bomb|p1a: Gorebyss
|-supereffective|p1a: Gorebyss
|-damage|p1a: Gorebyss|0 fnt
|faint|p1a: Gorebyss
|
|upkeep
|inactive|Shuckleking87 has 120 seconds left.
|c|☆Shuckleking87|thought it was rock blast or something
|c|☆cb aaron judge|no he meant
|
|t:|1644118702
|switch|p1a: Rotom|Rotom-Fan|100/100
|-damage|p1a: Rotom|76/100|[from] Stealth Rock
|turn|16
|c|☆cb aaron judge|when i went into
|c|☆cb aaron judge|costa
|c|☆Shuckleking87|oh yea
|
|t:|1644118723
|move|p1a: Rotom|Thunderbolt|p2a: Garbodor
|-crit|p2a: Garbodor
|-damage|p2a: Garbodor|0 fnt
|faint|p2a: Garbodor
|
|upkeep
|
|t:|1644118733
|switch|p2a: Rotom|Rotom-Fan|100/100
|turn|17
|inactive|Shuckleking87 has 90 seconds left.
|c|+Bughouse|Or several occasions
|
|t:|1644118768
|move|p2a: Rotom|Thunderbolt|p1a: Rotom
|-damage|p1a: Rotom|18/100
|move|p1a: Rotom|Thunderbolt|p2a: Rotom
|-damage|p2a: Rotom|40/100
|
|upkeep
|turn|18
|
|t:|1644118777
|move|p2a: Rotom|Thunderbolt|p1a: Rotom
|-damage|p1a: Rotom|0 fnt
|faint|p1a: Rotom
|
|upkeep
|c|+Bughouse|including most recently when you sharded a gorebyss sub
|c|+Bughouse|when you could have bolted to break it
|c|+Bughouse|Volted*
|
|t:|1644118799
|switch|p1a: Serperior|Serperior, M|100/100
|-damage|p1a: Serperior|88/100|[from] Stealth Rock
|turn|19
|
|t:|1644118815
|move|p1a: Serperior|Calm Mind|p1a: Serperior
|-boost|p1a: Serperior|spa|1
|-boost|p1a: Serperior|spd|1
|move|p2a: Rotom|Air Slash|p1a: Serperior
|-supereffective|p1a: Serperior
|-damage|p1a: Serperior|23/100
|
|upkeep
|turn|20
|c|☆Shuckleking87|o
|inactive|Shuckleking87 has 60 seconds left.
|c|☆cb aaron judge|brain dead like jim brady
|c|+Bughouse|Yeah it wasn’t scarf lol
|
|t:|1644118850
|move|p1a: Serperior|Giga Drain|p2a: Rotom
|-resisted|p2a: Rotom
|-damage|p2a: Rotom|0 fnt
|-heal|p1a: Serperior|39/100|[from] drain|[of] p2a: Rotom
|faint|p2a: Rotom
|-damage|p1a: Serperior|29/100|[from] item: Life Orb
|
|upkeep
|
|t:|1644118854
|switch|p2a: Scraggy|Scraggy, M|100/100
|turn|21
|c|☆Shuckleking87|i mean idr the team lol
|inactive|Shuckleking87 has 60 seconds left.
|
|t:|1644118866
|move|p1a: Serperior|Giga Drain|p2a: Scraggy
|-damage|p2a: Scraggy|50/100
|-heal|p1a: Serperior|56/100|[from] drain|[of] p2a: Scraggy
|-damage|p1a: Serperior|46/100|[from] item: Life Orb
|move|p2a: Scraggy|Bulk Up|p2a: Scraggy
|-boost|p2a: Scraggy|atk|1
|-boost|p2a: Scraggy|def|1
|
|upkeep
|turn|22
|inactive|Shuckleking87 has 60 seconds left.
|c|+Bughouse|Oh wasn’t this DD in spl?
|c|☆cb aaron judge|no
|c|☆cb aaron judge|idts
|
|t:|1644118898
|move|p1a: Serperior|Giga Drain|p2a: Scraggy
|-damage|p2a: Scraggy|11/100
|-heal|p1a: Serperior|66/100|[from] drain|[of] p2a: Scraggy
|-damage|p1a: Serperior|56/100|[from] item: Life Orb
|move|p2a: Scraggy|Drain Punch|p1a: Serperior
|-damage|p1a: Serperior|19/100
|-heal|p2a: Scraggy|29/100|[from] drain|[of] p1a: Serperior
|
|upkeep
|turn|23
|c|☆Shuckleking87|dd would of been hot
|
|t:|1644118908
|move|p1a: Serperior|Giga Drain|p2a: Scraggy
|-damage|p2a: Scraggy|0 fnt
|-heal|p1a: Serperior|34/100|[from] drain|[of] p2a: Scraggy
|faint|p2a: Scraggy
|-damage|p1a: Serperior|24/100|[from] item: Life Orb
|
|win|Shuckleking87
|c|☆cb aaron judge|ggs
|c|☆Shuckleking87|i think i still outspeed tho
|c|☆Shuckleking87|ggs man
|c|☆Shuckleking87|nice to see ya around
|c|+Bughouse|Yes
|c|☆Shuckleking87|was safe vs the rotom lol just unfort i didnt win speed ties w my own
