|inactive|Battle timer is ON: inactive players will automatically lose when time's up.
|t:|1636040696
|gametype|singles
|player|p1|Heysup|chuck|
|player|p2|Shuckleking87|170|
|teamsize|p1|6
|teamsize|p2|6
|gen|5
|tier|[Gen 5] NU
|rule|Species Clause: Limit one of each Pokémon
|rule|OHKO Clause: OHKO moves are banned
|rule|Moody Clause: Moody is banned
|rule|Evasion Moves Clause: Evasion moves are banned
|rule|Endless Battle Clause: Forcing endless battles is banned
|rule|HP Percentage Mod: HP is shown in percentages
|rule|Evasion Abilities Clause: Evasion abilities are banned
|rule|Baton Pass Clause: Limit one Baton Passer, can't pass Spe and other stats simultaneously
|rule|Swagger Clause: Swagger is banned
|rule|Sleep Clause Mod: Limit one foe put to sleep
|clearpoke
|poke|p1|Charizard, M|item
|poke|p1|Piloswine, M|item
|poke|p1|Musharna, F|item
|poke|p1|Skuntank, F|item
|poke|p1|Wartortle, M|item
|poke|p1|Serperior, F|item
|poke|p2|Duosion, M|item
|poke|p2|Garbodor, M|item
|poke|p2|Piloswine, M|item
|poke|p2|Alomomola, M|item
|poke|p2|Rotom-Frost|item
|poke|p2|Zweilous, F|item
|teampreview
|c|☆Shuckleking87|glhf
|inactive|Heysup has 270 seconds left.
|inactive|Shuckleking87 has 270 seconds left.
|inactive|Heysup has 240 seconds left.
|inactive|Shuckleking87 has 240 seconds left.
|inactive|Heysup has 210 seconds left.
|
|t:|1636040795
|start
|switch|p1a: Piloswine|Piloswine, M|100/100
|switch|p2a: Piloswine|Piloswine, M|100/100
|turn|1
|inactive|Heysup has 270 seconds left.
|
|t:|1636040800
|move|p2a: Piloswine|Stealth Rock|p1a: Piloswine
|-sidestart|p1: Heysup|move: Stealth Rock
|move|p1a: Piloswine|Stealth Rock|p2a: Piloswine
|-sidestart|p2: Shuckleking87|move: Stealth Rock
|
|upkeep
|turn|2
|
|t:|1636040809
|switch|p1a: Wartortle|Wartortle, M|100/100
|-damage|p1a: Wartortle|88/100|[from] Stealth Rock
|move|p2a: Piloswine|Toxic|p1a: Wartortle
|-status|p1a: Wartortle|tox
|
|-damage|p1a: Wartortle|82/100 tox|[from] psn
|upkeep
|turn|3
|
|t:|1636040815
|switch|p2a: Duosion|Duosion, M|100/100
|move|p1a: Wartortle|Rapid Spin|p2a: Duosion
|-damage|p2a: Duosion|98/100
|-sideend|p1: Heysup|Stealth Rock|[from] move: Rapid Spin|[of] p1a: Wartortle
|
|-damage|p1a: Wartortle|69/100 tox|[from] psn
|upkeep
|turn|4
|inactive|Shuckleking87 has 270 seconds left.
|
|t:|1636040855
|switch|p1a: Charizard|Charizard, M|100/100
|move|p2a: Duosion|Thunder|p1a: Charizard|[miss]
|-miss|p2a: Duosion|p1a: Charizard
|
|upkeep
|turn|5
|inactive|Shuckleking87 has 270 seconds left.
|
|t:|1636040873
|switch|p2a: Alomomola|Alomomola, M|100/100
|-damage|p2a: Alomomola|88/100|[from] Stealth Rock
|move|p1a: Charizard|Air Slash|p2a: Alomomola
|-damage|p2a: Alomomola|50/100
|
|-heal|p2a: Alomomola|56/100|[from] item: Leftovers
|upkeep
|turn|6
|
|t:|1636040879
|move|p1a: Charizard|Air Slash|p2a: Alomomola
|-damage|p2a: Alomomola|16/100
|move|p2a: Alomomola|Wish|p2a: Alomomola
|
|-heal|p2a: Alomomola|23/100|[from] item: Leftovers
|upkeep
|turn|7
|inactive|Shuckleking87 has 270 seconds left.
|
|t:|1636040884
|switch|p1a: Serperior|Serperior, F|100/100
|move|p2a: Alomomola|Protect||[still]
|-fail|p2a: Alomomola
|
|-heal|p2a: Alomomola|73/100|[from] move: Wish|[wisher] Alomomola
|-heal|p2a: Alomomola|79/100|[from] item: Leftovers
|upkeep
|turn|8
|inactive|Shuckleking87 has 270 seconds left.
|
|t:|1636040897
|switch|p1a: Charizard|Charizard, M|100/100
|switch|p2a: Zweilous|Zweilous, F|100/100
|-damage|p2a: Zweilous|88/100|[from] Stealth Rock
|
|upkeep
|turn|9
|
|t:|1636040906
|switch|p2a: Alomomola|Alomomola, M|100/100
|-damage|p2a: Alomomola|88/100|[from] Stealth Rock
|move|p1a: Charizard|Air Slash|p2a: Alomomola
|-damage|p2a: Alomomola|49/100
|
|-heal|p2a: Alomomola|55/100|[from] item: Leftovers
|upkeep
|turn|10
|inactive|Shuckleking87 has 270 seconds left.
|
|t:|1636040923
|move|p1a: Charizard|Air Slash|p2a: Alomomola
|-damage|p2a: Alomomola|19/100
|move|p2a: Alomomola|Mirror Coat|p1a: Charizard
|-damage|p1a: Charizard|0 fnt
|faint|p1a: Charizard
|
|-heal|p2a: Alomomola|25/100|[from] item: Leftovers
|upkeep
|c|☆Heysup|it learns that
|c|☆Shuckleking87|yea lol
|
|t:|1636040949
|switch|p1a: Skuntank|Skuntank, F|100/100
|turn|11
|c|☆Shuckleking87|its a set for specs zard
|
|t:|1636040957
|move|p2a: Alomomola|Protect|p2a: Alomomola
|-singleturn|p2a: Alomomola|Protect
|move|p1a: Skuntank|Poison Jab|p2a: Alomomola
|-activate|p2a: Alomomola|move: Protect
|
|-heal|p2a: Alomomola|31/100|[from] item: Leftovers
|upkeep
|turn|12
|
|t:|1636040965
|switch|p2a: Piloswine|Piloswine, M|100/100
|-damage|p2a: Piloswine|88/100|[from] Stealth Rock
|move|p1a: Skuntank|Poison Jab|p2a: Piloswine
|-resisted|p2a: Piloswine
|-damage|p2a: Piloswine|78/100
|
|upkeep
|turn|13
|c|☆Heysup|yea 
|
|t:|1636040981
|switch|p1a: Wartortle|Wartortle, M|69/100 tox
|move|p2a: Piloswine|Earthquake|p1a: Wartortle
|-damage|p1a: Wartortle|45/100 tox
|
|-damage|p1a: Wartortle|39/100 tox|[from] psn
|upkeep
|turn|14
|c|☆Heysup|my first bw nu game was the first game if this tour 
|c|☆Heysup|so ive never seen it
|inactive|Shuckleking87 has 270 seconds left.
|c|☆Shuckleking87|aye nicely done
|
|t:|1636041018
|switch|p2a: Duosion|Duosion, M|98/100
|move|p1a: Wartortle|Scald|p2a: Duosion
|-crit|p2a: Duosion
|-damage|p2a: Duosion|61/100
|
|-damage|p1a: Wartortle|26/100 tox|[from] psn
|upkeep
|turn|15
|
|t:|1636041025
|switch|p1a: Piloswine|Piloswine, M|100/100
|move|p2a: Duosion|Recover|p2a: Duosion
|-heal|p2a: Duosion|100/100
|
|upkeep
|turn|16
|inactive|Shuckleking87 has 270 seconds left.
|
|t:|1636041034
|move|p1a: Piloswine|Earthquake|p2a: Duosion
|-damage|p2a: Duosion|65/100
|move|p2a: Duosion|Calm Mind|p2a: Duosion
|-boost|p2a: Duosion|spa|1
|-boost|p2a: Duosion|spd|1
|
|upkeep
|turn|17
|
|t:|1636041040
|move|p1a: Piloswine|Earthquake|p2a: Duosion
|-damage|p2a: Duosion|26/100
|move|p2a: Duosion|Recover|p2a: Duosion
|-heal|p2a: Duosion|76/100
|
|upkeep
|turn|18
|
|t:|1636041051
|move|p1a: Piloswine|Earthquake|p2a: Duosion
|-damage|p2a: Duosion|39/100
|move|p2a: Duosion|Recover|p2a: Duosion
|-heal|p2a: Duosion|89/100
|
|upkeep
|turn|19
|
|t:|1636041062
|move|p1a: Piloswine|Earthquake|p2a: Duosion
|-damage|p2a: Duosion|52/100
|move|p2a: Duosion|Calm Mind|p2a: Duosion
|-boost|p2a: Duosion|spa|1
|-boost|p2a: Duosion|spd|1
|
|upkeep
|turn|20
|
|t:|1636041069
|move|p1a: Piloswine|Earthquake|p2a: Duosion
|-damage|p2a: Duosion|19/100
|move|p2a: Duosion|Recover|p2a: Duosion
|-heal|p2a: Duosion|69/100
|
|upkeep
|turn|21
|
|t:|1636041072
|move|p1a: Piloswine|Earthquake|p2a: Duosion
|-damage|p2a: Duosion|33/100
|move|p2a: Duosion|Recover|p2a: Duosion
|-heal|p2a: Duosion|83/100
|
|upkeep
|turn|22
|
|t:|1636041086
|move|p1a: Piloswine|Earthquake|p2a: Duosion
|-damage|p2a: Duosion|46/100
|move|p2a: Duosion|Psyshock|p1a: Piloswine
|-crit|p1a: Piloswine
|-damage|p1a: Piloswine|5/100
|
|upkeep
|turn|23
|c|☆Heysup|.
|
|t:|1636041097
|move|p1a: Piloswine|Earthquake|p2a: Duosion
|-damage|p2a: Duosion|13/100
|move|p2a: Duosion|Recover|p2a: Duosion
|-heal|p2a: Duosion|63/100
|
|upkeep
|turn|24
|
|t:|1636041100
|move|p1a: Piloswine|Earthquake|p2a: Duosion
|-crit|p2a: Duosion
|-damage|p2a: Duosion|0 fnt
|faint|p2a: Duosion
|
|upkeep
|c|☆Shuckleking87|youll get the crit
|c|☆Heysup|there it is
|c|☆Shuckleking87|nice haha
|c|☆Heysup|you called it
|c|☆Shuckleking87|yea lol
|inactive|Shuckleking87 has 270 seconds left.
|
|t:|1636041131
|switch|p2a: Alomomola|Alomomola, M|65/100
|-damage|p2a: Alomomola|52/100|[from] Stealth Rock
|turn|25
|inactive|Shuckleking87 has 270 seconds left.
|inactive|Heysup has 270 seconds left.
|inactive|Heysup has 240 seconds left.
|
|t:|1636041198
|switch|p1a: Serperior|Serperior, F|100/100
|move|p2a: Alomomola|Scald|p1a: Serperior
|-resisted|p1a: Serperior
|-damage|p1a: Serperior|93/100
|-status|p1a: Serperior|brn
|
|-heal|p2a: Alomomola|58/100|[from] item: Leftovers
|-damage|p1a: Serperior|80/100 brn|[from] brn
|upkeep
|turn|26
|inactive|Shuckleking87 has 270 seconds left.
|
|t:|1636041218
|move|p1a: Serperior|Giga Drain|p2a: Alomomola
|-supereffective|p2a: Alomomola
|-damage|p2a: Alomomola|3/100
|-heal|p1a: Serperior|100/100 brn|[from] drain|[of] p2a: Alomomola
|-damage|p1a: Serperior|91/100 brn|[from] item: Life Orb
|move|p2a: Alomomola|Mirror Coat|p1a: Serperior
|-damage|p1a: Serperior|0 fnt
|faint|p1a: Serperior
|
|-heal|p2a: Alomomola|10/100|[from] item: Leftovers
|upkeep
|
|t:|1636041224
|switch|p1a: Skuntank|Skuntank, F|100/100
|turn|27
|
|t:|1636041228
|move|p2a: Alomomola|Protect|p2a: Alomomola
|-singleturn|p2a: Alomomola|Protect
|move|p1a: Skuntank|Pursuit|p2a: Alomomola
|-activate|p2a: Alomomola|move: Protect
|
|-heal|p2a: Alomomola|16/100|[from] item: Leftovers
|upkeep
|turn|28
|
|t:|1636041234
|-activate|p2a: Alomomola|move: Pursuit
|move|p1a: Skuntank|Pursuit|p2a: Alomomola|[from]Pursuit
|-damage|p2a: Alomomola|0 fnt
|faint|p2a: Alomomola
|-hint|A Pokemon can't switch between when it runs out of HP and when it faints
|
|upkeep
|
|t:|1636041242
|switch|p2a: Piloswine|Piloswine, M|78/100
|-damage|p2a: Piloswine|65/100|[from] Stealth Rock
|turn|29
|
|t:|1636041255
|switch|p1a: Musharna|Musharna, F|100/100
|move|p2a: Piloswine|Earthquake|p1a: Musharna
|-damage|p1a: Musharna|78/100
|
|-heal|p1a: Musharna|84/100|[from] item: Leftovers
|upkeep
|turn|30
|
|t:|1636041261
|switch|p1a: Wartortle|Wartortle, M|26/100 tox
|move|p2a: Piloswine|Stealth Rock|p1a: Wartortle
|-sidestart|p1: Heysup|move: Stealth Rock
|
|-damage|p1a: Wartortle|20/100 tox|[from] psn
|upkeep
|turn|31
|
|t:|1636041273
|switch|p2a: Garbodor|Garbodor, M|100/100
|-damage|p2a: Garbodor|88/100|[from] Stealth Rock
|move|p1a: Wartortle|Rapid Spin|p2a: Garbodor
|-damage|p2a: Garbodor|86/100
|-sideend|p1: Heysup|Stealth Rock|[from] move: Rapid Spin|[of] p1a: Wartortle
|
|-heal|p2a: Garbodor|92/100|[from] item: Black Sludge
|-damage|p1a: Wartortle|8/100 tox|[from] psn
|upkeep
|turn|32
|
|t:|1636041286
|move|p2a: Garbodor|Spikes|p1a: Wartortle
|-sidestart|p1: Heysup|Spikes
|move|p1a: Wartortle|Rest|p1a: Wartortle
|-status|p1a: Wartortle|slp|[from] move: Rest
|-heal|p1a: Wartortle|100/100 slp|[silent]
|
|-heal|p2a: Garbodor|98/100|[from] item: Black Sludge
|upkeep
|turn|33
|
|t:|1636041302
|switch|p2a: Rotom|Rotom-Frost|100/100
|-damage|p2a: Rotom|76/100|[from] Stealth Rock
|switch|p1a: Musharna|Musharna, F|84/100
|-damage|p1a: Musharna|71/100|[from] Spikes
|
|-heal|p1a: Musharna|78/100|[from] item: Leftovers
|upkeep
|turn|34
|inactive|Shuckleking87 has 270 seconds left.
|
|t:|1636041333
|move|p2a: Rotom|Volt Switch|p1a: Musharna
|-damage|p1a: Musharna|51/100
|inactive|Shuckleking87 has 270 seconds left.
|
|t:|1636041365
|switch|p2a: Zweilous|Zweilous, F|88/100|[from]move: Volt Switch
|-damage|p2a: Zweilous|76/100|[from] Stealth Rock
|move|p1a: Musharna|Toxic|p2a: Zweilous
|-status|p2a: Zweilous|tox
|
|-heal|p1a: Musharna|58/100|[from] item: Leftovers
|-damage|p2a: Zweilous|70/100 tox|[from] psn
|upkeep
|turn|35
|
|t:|1636041377
|switch|p1a: Wartortle|Wartortle, M|100/100 slp
|-damage|p1a: Wartortle|88/100 slp|[from] Spikes
|move|p2a: Zweilous|Rest|p2a: Zweilous
|-status|p2a: Zweilous|slp|[from] move: Rest
|-heal|p2a: Zweilous|100/100 slp|[silent]
|
|upkeep
|turn|36
|
|t:|1636041383
|cant|p2a: Zweilous|slp
|move|p2a: Zweilous|Sleep Talk|p2a: Zweilous
|move|p2a: Zweilous|Crunch|p1a: Wartortle|[from]move: Sleep Talk
|-damage|p1a: Wartortle|64/100 slp
|cant|p1a: Wartortle|slp
|
|upkeep
|turn|37
|
|t:|1636041389
|cant|p2a: Zweilous|slp
|move|p2a: Zweilous|Sleep Talk|p2a: Zweilous
|move|p2a: Zweilous|Crunch|p1a: Wartortle|[from]move: Sleep Talk
|-damage|p1a: Wartortle|42/100 slp
|-unboost|p1a: Wartortle|def|1
|cant|p1a: Wartortle|slp
|
|upkeep
|turn|38
|
|t:|1636041401
|-curestatus|p2a: Zweilous|slp|[msg]
|move|p2a: Zweilous|Crunch|p1a: Wartortle
|-damage|p1a: Wartortle|5/100 slp
|-curestatus|p1a: Wartortle|slp|[msg]
|move|p1a: Wartortle|Rapid Spin|p2a: Zweilous
|-damage|p2a: Zweilous|98/100
|-sideend|p1: Heysup|Spikes|[from] move: Rapid Spin|[of] p1a: Wartortle
|
|upkeep
|turn|39
|
|t:|1636041414
|switch|p1a: Skuntank|Skuntank, F|100/100
|move|p2a: Zweilous|Crunch|p1a: Skuntank
|-resisted|p1a: Skuntank
|-damage|p1a: Skuntank|75/100
|
|-heal|p1a: Skuntank|81/100|[from] item: Black Sludge
|upkeep
|turn|40
|
|t:|1636041431
|switch|p1a: Wartortle|Wartortle, M|5/100
|move|p2a: Zweilous|Crunch|p1a: Wartortle
|-damage|p1a: Wartortle|0 fnt
|faint|p1a: Wartortle
|
|upkeep
|
|t:|1636041437
|switch|p1a: Skuntank|Skuntank, F|81/100
|turn|41
|
|t:|1636041445
|switch|p2a: Piloswine|Piloswine, M|65/100
|-damage|p2a: Piloswine|53/100|[from] Stealth Rock
|move|p1a: Skuntank|Poison Jab|p2a: Piloswine
|-resisted|p2a: Piloswine
|-damage|p2a: Piloswine|43/100
|-status|p2a: Piloswine|psn
|
|-heal|p1a: Skuntank|87/100|[from] item: Black Sludge
|-damage|p2a: Piloswine|31/100 psn|[from] psn
|upkeep
|turn|42
|inactive|Shuckleking87 has 270 seconds left.
|
|t:|1636041457
|switch|p1a: Piloswine|Piloswine, M|5/100
|move|p2a: Piloswine|Earthquake|p1a: Piloswine
|-damage|p1a: Piloswine|0 fnt
|faint|p1a: Piloswine
|
|-damage|p2a: Piloswine|18/100 psn|[from] psn
|upkeep
|
|t:|1636041468
|switch|p1a: Musharna|Musharna, F|58/100
|turn|43
|
|t:|1636041481
|move|p2a: Piloswine|Toxic||[still]
|-status|p1a: Musharna|tox
|-activate|p1a: Musharna|ability: Synchronize
|-fail|p1a: Musharna
|move|p1a: Musharna|Moonlight|p1a: Musharna
|-heal|p1a: Musharna|100/100 tox
|
|-damage|p2a: Piloswine|6/100 psn|[from] psn
|-damage|p1a: Musharna|94/100 tox|[from] psn
|upkeep
|turn|44
|
|t:|1636041487
|move|p2a: Piloswine|Stealth Rock|p1a: Musharna
|-sidestart|p1: Heysup|move: Stealth Rock
|move|p1a: Musharna|Baton Pass|p1a: Musharna
|
|t:|1636041489
|switch|p1a: Skuntank|Skuntank, F|87/100|[from]move: Baton Pass
|-damage|p1a: Skuntank|74/100|[from] Stealth Rock
|
|-heal|p1a: Skuntank|80/100|[from] item: Black Sludge
|-damage|p2a: Piloswine|0 fnt|[from] psn
|faint|p2a: Piloswine
|upkeep
|inactive|Shuckleking87 has 270 seconds left.
|
|t:|1636041534
|switch|p2a: Rotom|Rotom-Frost|76/100
|-damage|p2a: Rotom|51/100|[from] Stealth Rock
|turn|45
|
|t:|1636041537
|move|p1a: Skuntank|Sucker Punch||[still]
|-fail|p1a: Skuntank
|move|p2a: Rotom|Trick|p1a: Skuntank
|-activate|p2a: Rotom|move: Trick|[of] p1a: Skuntank
|-item|p1a: Skuntank|Choice Scarf|[from] move: Trick
|-item|p2a: Rotom|Black Sludge|[from] move: Trick
|
|-damage|p2a: Rotom|38/100|[from] item: Black Sludge
|upkeep
|turn|46
|inactive|Shuckleking87 has 270 seconds left.
|
|t:|1636041550
|move|p1a: Skuntank|Poison Jab|p2a: Rotom
|-crit|p2a: Rotom
|-damage|p2a: Rotom|0 fnt
|faint|p2a: Rotom
|
|upkeep
|
|t:|1636041563
|switch|p2a: Garbodor|Garbodor, M|98/100
|-damage|p2a: Garbodor|86/100|[from] Stealth Rock
|turn|47
|
|t:|1636041569
|switch|p1a: Musharna|Musharna, F|94/100 tox
|-damage|p1a: Musharna|82/100 tox|[from] Stealth Rock
|move|p2a: Garbodor|Spikes|p1a: Musharna
|-sidestart|p1: Heysup|Spikes
|
|-heal|p2a: Garbodor|92/100|[from] item: Black Sludge
|-heal|p1a: Musharna|88/100 tox|[from] item: Leftovers
|-damage|p1a: Musharna|82/100 tox|[from] psn
|upkeep
|turn|48
|inactive|Shuckleking87 has 270 seconds left.
|
|t:|1636041579
|switch|p2a: Zweilous|Zweilous, F|98/100
|-damage|p2a: Zweilous|86/100|[from] Stealth Rock
|move|p1a: Musharna|Toxic|p2a: Zweilous
|-status|p2a: Zweilous|tox
|
|-heal|p1a: Musharna|88/100 tox|[from] item: Leftovers
|-damage|p2a: Zweilous|80/100 tox|[from] psn
|-damage|p1a: Musharna|76/100 tox|[from] psn
|upkeep
|turn|49
|
|t:|1636041588
|move|p2a: Zweilous|Rest|p2a: Zweilous
|-status|p2a: Zweilous|slp|[from] move: Rest
|-heal|p2a: Zweilous|100/100 slp|[silent]
|move|p1a: Musharna|Baton Pass|p1a: Musharna
|
|t:|1636041590
|switch|p1a: Skuntank|Skuntank, F|80/100|[from]move: Baton Pass
|-damage|p1a: Skuntank|68/100|[from] Spikes
|-damage|p1a: Skuntank|56/100|[from] Stealth Rock
|
|upkeep
|turn|50
|
|t:|1636041594
|move|p1a: Skuntank|Poison Jab|p2a: Zweilous
|-damage|p2a: Zweilous|67/100 slp
|cant|p2a: Zweilous|slp
|move|p2a: Zweilous|Sleep Talk|p2a: Zweilous
|move|p2a: Zweilous|Rest||[from]move: Sleep Talk|[still]
|-fail|p2a: Zweilous
|
|upkeep
|turn|51
|
|t:|1636041597
|move|p1a: Skuntank|Poison Jab|p2a: Zweilous
|-damage|p2a: Zweilous|38/100 slp
|cant|p2a: Zweilous|slp
|move|p2a: Zweilous|Sleep Talk|p2a: Zweilous
|move|p2a: Zweilous|Roar|p1a: Skuntank|[from]move: Sleep Talk
|drag|p1a: Musharna|Musharna, F|76/100 tox
|-damage|p1a: Musharna|63/100 tox|[from] Stealth Rock
|-damage|p1a: Musharna|51/100 tox|[from] Spikes
|
|-heal|p1a: Musharna|57/100 tox|[from] item: Leftovers
|-damage|p1a: Musharna|51/100 tox|[from] psn
|upkeep
|turn|52
|
|t:|1636041608
|-curestatus|p2a: Zweilous|slp|[msg]
|move|p2a: Zweilous|Rest|p2a: Zweilous
|-status|p2a: Zweilous|slp|[from] move: Rest
|-heal|p2a: Zweilous|100/100 slp|[silent]
|move|p1a: Musharna|Moonlight|p1a: Musharna
|-heal|p1a: Musharna|100/100 tox
|
|-damage|p1a: Musharna|88/100 tox|[from] psn
|upkeep
|turn|53
|
|t:|1636041612
|cant|p2a: Zweilous|slp
|move|p2a: Zweilous|Sleep Talk|p2a: Zweilous
|move|p2a: Zweilous|Crunch|p1a: Musharna|[from]move: Sleep Talk
|-supereffective|p1a: Musharna
|-damage|p1a: Musharna|40/100 tox
|-unboost|p1a: Musharna|def|1
|move|p1a: Musharna|Baton Pass|p1a: Musharna
|
|t:|1636041614
|switch|p1a: Skuntank|Skuntank, F|56/100|[from]move: Baton Pass
|-damage|p1a: Skuntank|43/100|[from] Spikes
|-damage|p1a: Skuntank|31/100|[from] Stealth Rock
|
|upkeep
|turn|54
|
|t:|1636041620
|move|p1a: Skuntank|Taunt|p2a: Zweilous
|-start|p2a: Zweilous|move: Taunt
|cant|p2a: Zweilous|slp
|cant|p2a: Zweilous|move: Taunt|Sleep Talk
|
|upkeep
|turn|55
|
|t:|1636041623
|switch|p1a: Musharna|Musharna, F|40/100 tox
|-damage|p1a: Musharna|28/100 tox|[from] Spikes
|-damage|p1a: Musharna|16/100 tox|[from] Stealth Rock
|-curestatus|p2a: Zweilous|slp|[msg]
|move|p2a: Zweilous|Crunch|p1a: Musharna
|-supereffective|p1a: Musharna
|-damage|p1a: Musharna|0 fnt
|faint|p1a: Musharna
|
|upkeep
|
|t:|1636041626
|switch|p1a: Skuntank|Skuntank, F|31/100
|-damage|p1a: Skuntank|18/100|[from] Spikes
|-damage|p1a: Skuntank|6/100|[from] Stealth Rock
|turn|56
|
|t:|1636041629
|move|p1a: Skuntank|Poison Jab|p2a: Zweilous
|-damage|p2a: Zweilous|68/100
|move|p2a: Zweilous|Crunch|p1a: Skuntank
|-resisted|p1a: Skuntank
|-damage|p1a: Skuntank|0 fnt
|-damage|p2a: Zweilous|43/100|[from] ability: Aftermath|[of] p1a: Skuntank
|faint|p1a: Skuntank
|
|win|Shuckleking87
|c|☆Heysup|gg
|c|☆Shuckleking87|gg man
|c|☆Shuckleking87|nicely done this tour and you prob deserved this series
