|inactive|Battle timer is ON: inactive players will automatically lose when time's up.
|t:|1642292881
|gametype|singles
|player|p1|pif|169|
|player|p2|5cy|acetrainerf-gen2|
|teamsize|p1|6
|teamsize|p2|6
|gen|5
|tier|[Gen 5] UU
|rule|Species Clause: Limit one of each Pokémon
|rule|OHKO Clause: OHKO moves are banned
|rule|Moody Clause: Moody is banned
|rule|Evasion Moves Clause: Evasion moves are banned
|rule|Endless Battle Clause: Forcing endless battles is banned
|rule|HP Percentage Mod: HP is shown in percentages
|rule|Evasion Abilities Clause: Evasion abilities are banned
|rule|Swagger Clause: Swagger is banned
|rule|Sleep Clause Mod: Limit one foe put to sleep
|clearpoke
|poke|p1|Mew|item
|poke|p1|Rhyperior, M|item
|poke|p1|Qwilfish, F|item
|poke|p1|Heracross, F|item
|poke|p1|Togekiss, M|item
|poke|p1|Umbreon, M|item
|poke|p2|Zapdos|item
|poke|p2|Swampert, M|item
|poke|p2|Umbreon, F|item
|poke|p2|Roserade, M|item
|poke|p2|Mew|item
|poke|p2|Heracross, M|item
|teampreview
|inactive|5cy also wants the timer to be on.
|c|☆5cy|hf
|c|☆pif|samerino
|inactive|pif has 270 seconds left.
|inactive|5cy has 270 seconds left.
|inactive|5cy has 240 seconds left.
|
|t:|1642292965
|start
|switch|p1a: Mew|Mew|100/100
|switch|p2a: Swampert|Swampert, M|100/100
|turn|1
|
|t:|1642292973
|move|p1a: Mew|Taunt|p2a: Swampert
|-start|p2a: Swampert|move: Taunt
|cant|p2a: Swampert|move: Taunt|Stealth Rock
|
|upkeep
|turn|2
|
|t:|1642292980
|switch|p2a: Umbreon|Umbreon, F|100/100
|move|p1a: Mew|Will-O-Wisp|p2a: Umbreon
|-status|p2a: Umbreon|brn
|-activate|p2a: Umbreon|ability: Synchronize
|-status|p1a: Mew|brn
|-activate|p1a: Mew|ability: Synchronize
|-fail|p2a: Umbreon|brn
|
|-damage|p1a: Mew|88/100 brn|[from] brn
|-damage|p2a: Umbreon|88/100 brn|[from] brn
|upkeep
|turn|3
|
|t:|1642292986
|move|p1a: Mew|Taunt|p2a: Umbreon
|-start|p2a: Umbreon|move: Taunt
|move|p2a: Umbreon|Foul Play|p1a: Mew
|-supereffective|p1a: Mew
|-damage|p1a: Mew|61/100 brn
|
|-heal|p1a: Mew|67/100 brn|[from] item: Leftovers
|-heal|p2a: Umbreon|94/100 brn|[from] item: Leftovers
|-damage|p1a: Mew|55/100 brn|[from] brn
|-damage|p2a: Umbreon|82/100 brn|[from] brn
|upkeep
|turn|4
|
|t:|1642292993
|move|p1a: Mew|Soft-Boiled|p1a: Mew
|-heal|p1a: Mew|100/100 brn
|move|p2a: Umbreon|Foul Play|p1a: Mew
|-supereffective|p1a: Mew
|-damage|p1a: Mew|76/100 brn
|
|-heal|p1a: Mew|82/100 brn|[from] item: Leftovers
|-heal|p2a: Umbreon|88/100 brn|[from] item: Leftovers
|-damage|p1a: Mew|69/100 brn|[from] brn
|-damage|p2a: Umbreon|75/100 brn|[from] brn
|upkeep
|turn|5
|
|t:|1642293004
|switch|p1a: Rhyperior|Rhyperior, M|100/100
|move|p2a: Umbreon|Foul Play|p1a: Rhyperior
|-damage|p1a: Rhyperior|86/100
|
|-heal|p2a: Umbreon|81/100 brn|[from] item: Leftovers
|-heal|p1a: Rhyperior|92/100|[from] item: Leftovers
|-damage|p2a: Umbreon|69/100 brn|[from] brn
|-end|p2a: Umbreon|move: Taunt
|upkeep
|turn|6
|
|t:|1642293010
|switch|p2a: Swampert|Swampert, M|100/100
|move|p1a: Rhyperior|Stealth Rock|p2a: Swampert
|-sidestart|p2: 5cy|move: Stealth Rock
|
|-heal|p1a: Rhyperior|98/100|[from] item: Leftovers
|upkeep
|turn|7
|
|t:|1642293017
|switch|p1a: Heracross|Heracross, F|100/100
|move|p2a: Swampert|Stealth Rock|p1a: Heracross
|-sidestart|p1: pif|move: Stealth Rock
|
|upkeep
|turn|8
|
|t:|1642293029
|move|p1a: Heracross|Megahorn|p2a: Swampert
|-damage|p2a: Swampert|63/100
|move|p2a: Swampert|Roar|p1a: Heracross
|drag|p1a: Togekiss|Togekiss, M|100/100
|-damage|p1a: Togekiss|76/100|[from] Stealth Rock
|
|-heal|p1a: Togekiss|82/100|[from] item: Leftovers
|-heal|p2a: Swampert|70/100|[from] item: Leftovers
|upkeep
|turn|9
|
|t:|1642293043
|switch|p2a: Umbreon|Umbreon, F|69/100 brn
|-damage|p2a: Umbreon|57/100 brn|[from] Stealth Rock
|move|p1a: Togekiss|Heal Bell|p1a: Togekiss
|-activate|p1a: Togekiss|move: Heal Bell
|-curestatus|p1: Mew|brn|[msg]
|
|-heal|p1a: Togekiss|88/100|[from] item: Leftovers
|-heal|p2a: Umbreon|63/100 brn|[from] item: Leftovers
|-damage|p2a: Umbreon|50/100 brn|[from] brn
|upkeep
|turn|10
|
|t:|1642293049
|move|p1a: Togekiss|Nasty Plot|p1a: Togekiss
|-boost|p1a: Togekiss|spa|2
|move|p2a: Umbreon|Wish|p2a: Umbreon
|
|-heal|p1a: Togekiss|94/100|[from] item: Leftovers
|-heal|p2a: Umbreon|56/100 brn|[from] item: Leftovers
|-damage|p2a: Umbreon|44/100 brn|[from] brn
|upkeep
|turn|11
|
|t:|1642293056
|switch|p2a: Zapdos|Zapdos|100/100
|-damage|p2a: Zapdos|76/100|[from] Stealth Rock
|-ability|p2a: Zapdos|Pressure
|move|p1a: Togekiss|Nasty Plot|p1a: Togekiss
|-boost|p1a: Togekiss|spa|2
|
|-heal|p2a: Zapdos|100/100|[from] move: Wish|[wisher] Umbreon
|-heal|p1a: Togekiss|99/100|[from] item: Leftovers
|upkeep
|turn|12
|
|t:|1642293063
|switch|p1a: Umbreon|Umbreon, M|100/100
|-damage|p1a: Umbreon|88/100|[from] Stealth Rock
|move|p2a: Zapdos|Thunderbolt|p1a: Umbreon
|-damage|p1a: Umbreon|67/100
|
|-heal|p1a: Umbreon|73/100|[from] item: Leftovers
|upkeep
|turn|13
|
|t:|1642293074
|switch|p2a: Roserade|Roserade, M|100/100
|-damage|p2a: Roserade|88/100|[from] Stealth Rock
|move|p1a: Umbreon|Foul Play|p2a: Roserade
|-damage|p2a: Roserade|52/100
|
|-heal|p2a: Roserade|58/100|[from] item: Black Sludge
|-heal|p1a: Umbreon|79/100|[from] item: Leftovers
|upkeep
|turn|14
|
|t:|1642293080
|switch|p1a: Mew|Mew|69/100
|-damage|p1a: Mew|57/100|[from] Stealth Rock
|move|p2a: Roserade|Spikes|p1a: Mew
|-sidestart|p1: pif|Spikes
|
|-heal|p1a: Mew|63/100|[from] item: Leftovers
|-heal|p2a: Roserade|64/100|[from] item: Black Sludge
|upkeep
|turn|15
|
|t:|1642293086
|move|p1a: Mew|Psyshock|p2a: Roserade
|-supereffective|p2a: Roserade
|-damage|p2a: Roserade|0 fnt
|faint|p2a: Roserade
|
|-heal|p1a: Mew|69/100|[from] item: Leftovers
|upkeep
|
|t:|1642293094
|switch|p2a: Heracross|Heracross, M|100/100
|-damage|p2a: Heracross|88/100|[from] Stealth Rock
|turn|16
|
|t:|1642293114
|switch|p1a: Qwilfish|Qwilfish, F|100/100
|-damage|p1a: Qwilfish|88/100|[from] Stealth Rock
|-damage|p1a: Qwilfish|76/100|[from] Spikes
|-ability|p1a: Qwilfish|Intimidate|boost
|-unboost|p2a: Heracross|atk|1
|move|p2a: Heracross|Megahorn|p1a: Qwilfish
|-resisted|p1a: Qwilfish
|-damage|p1a: Qwilfish|57/100
|
|-heal|p1a: Qwilfish|63/100|[from] item: Black Sludge
|upkeep
|turn|17
|
|t:|1642293124
|switch|p2a: Zapdos|Zapdos|100/100
|-damage|p2a: Zapdos|76/100|[from] Stealth Rock
|-ability|p2a: Zapdos|Pressure
|move|p1a: Qwilfish|Spikes|p2a: Zapdos
|-sidestart|p2: 5cy|Spikes
|
|-heal|p2a: Zapdos|82/100|[from] item: Leftovers
|-heal|p1a: Qwilfish|69/100|[from] item: Black Sludge
|upkeep
|turn|18
|
|t:|1642293130
|switch|p1a: Rhyperior|Rhyperior, M|98/100
|-damage|p1a: Rhyperior|92/100|[from] Stealth Rock
|-damage|p1a: Rhyperior|80/100|[from] Spikes
|move|p2a: Zapdos|Substitute|p2a: Zapdos
|-start|p2a: Zapdos|Substitute
|-damage|p2a: Zapdos|57/100
|
|-heal|p2a: Zapdos|63/100|[from] item: Leftovers
|-heal|p1a: Rhyperior|86/100|[from] item: Leftovers
|upkeep
|turn|19
|
|t:|1642293137
|move|p2a: Zapdos|Toxic|p1a: Rhyperior
|-status|p1a: Rhyperior|tox
|move|p1a: Rhyperior|Rock Blast|p2a: Zapdos
|-supereffective|p2a: Zapdos
|-activate|p2a: Zapdos|Substitute|[damage]
|-supereffective|p2a: Zapdos
|-end|p2a: Zapdos|Substitute
|-supereffective|p2a: Zapdos
|-damage|p2a: Zapdos|42/100
|-supereffective|p2a: Zapdos
|-damage|p2a: Zapdos|21/100
|-hitcount|p2a: Zapdos|4
|
|-heal|p2a: Zapdos|27/100|[from] item: Leftovers
|-heal|p1a: Rhyperior|92/100 tox|[from] item: Leftovers
|-damage|p1a: Rhyperior|86/100 tox|[from] psn
|upkeep
|turn|20
|
|t:|1642293156
|switch|p2a: Swampert|Swampert, M|70/100
|-damage|p2a: Swampert|57/100|[from] Spikes
|-damage|p2a: Swampert|51/100|[from] Stealth Rock
|move|p1a: Rhyperior|Earthquake|p2a: Swampert
|-damage|p2a: Swampert|16/100
|
|-heal|p2a: Swampert|22/100|[from] item: Leftovers
|-heal|p1a: Rhyperior|92/100 tox|[from] item: Leftovers
|-damage|p1a: Rhyperior|80/100 tox|[from] psn
|upkeep
|turn|21
|
|t:|1642293173
|switch|p1a: Togekiss|Togekiss, M|99/100
|-damage|p1a: Togekiss|75/100|[from] Stealth Rock
|move|p2a: Swampert|Scald|p1a: Togekiss
|-damage|p1a: Togekiss|47/100
|
|-heal|p1a: Togekiss|53/100|[from] item: Leftovers
|-heal|p2a: Swampert|28/100|[from] item: Leftovers
|upkeep
|turn|22
|
|t:|1642293181
|move|p1a: Togekiss|Roost|p1a: Togekiss
|-heal|p1a: Togekiss|100/100
|-singleturn|p1a: Togekiss|move: Roost
|move|p2a: Swampert|Scald|p1a: Togekiss
|-damage|p1a: Togekiss|72/100
|-status|p1a: Togekiss|brn
|
|-heal|p1a: Togekiss|78/100 brn|[from] item: Leftovers
|-heal|p2a: Swampert|34/100|[from] item: Leftovers
|-damage|p1a: Togekiss|65/100 brn|[from] brn
|upkeep
|turn|23
|
|t:|1642293185
|move|p1a: Togekiss|Heal Bell|p1a: Togekiss
|-activate|p1a: Togekiss|move: Heal Bell
|-curestatus|p1a: Togekiss|brn|[msg]
|-curestatus|p1: Rhyperior|tox|[msg]
|move|p2a: Swampert|Roar|p1a: Togekiss
|drag|p1a: Rhyperior|Rhyperior, M|80/100
|-damage|p1a: Rhyperior|73/100|[from] Stealth Rock
|-damage|p1a: Rhyperior|61/100|[from] Spikes
|
|-heal|p2a: Swampert|41/100|[from] item: Leftovers
|-heal|p1a: Rhyperior|67/100|[from] item: Leftovers
|upkeep
|turn|24
|
|t:|1642293200
|switch|p1a: Heracross|Heracross, F|100/100
|-damage|p1a: Heracross|88/100|[from] Spikes
|-damage|p1a: Heracross|76/100|[from] Stealth Rock
|move|p2a: Swampert|Scald|p1a: Heracross
|-damage|p1a: Heracross|47/100
|-status|p1a: Heracross|brn
|
|-heal|p1a: Heracross|53/100 brn|[from] item: Leftovers
|-heal|p2a: Swampert|47/100|[from] item: Leftovers
|-damage|p1a: Heracross|40/100 brn|[from] brn
|upkeep
|turn|25
|
|t:|1642293206
|switch|p2a: Zapdos|Zapdos|27/100
|-damage|p2a: Zapdos|2/100|[from] Stealth Rock
|-ability|p2a: Zapdos|Pressure
|move|p1a: Heracross|Close Combat|p2a: Zapdos
|-resisted|p2a: Zapdos
|-damage|p2a: Zapdos|0 fnt
|-unboost|p1a: Heracross|def|1
|-unboost|p1a: Heracross|spd|1
|faint|p2a: Zapdos
|
|-heal|p1a: Heracross|46/100 brn|[from] item: Leftovers
|-damage|p1a: Heracross|34/100 brn|[from] brn
|upkeep
|inactive|5cy has 270 seconds left.
|
|t:|1642293242
|switch|p2a: Heracross|Heracross, M|88/100
|-damage|p2a: Heracross|76/100|[from] Spikes
|-damage|p2a: Heracross|64/100|[from] Stealth Rock
|turn|26
|inactive|5cy has 270 seconds left.
|
|t:|1642293258
|switch|p1a: Qwilfish|Qwilfish, F|69/100
|-damage|p1a: Qwilfish|56/100|[from] Stealth Rock
|-damage|p1a: Qwilfish|44/100|[from] Spikes
|-ability|p1a: Qwilfish|Intimidate|boost
|-unboost|p2a: Heracross|atk|1
|move|p2a: Heracross|Close Combat|p1a: Qwilfish
|-resisted|p1a: Qwilfish
|-damage|p1a: Qwilfish|25/100
|-unboost|p2a: Heracross|def|1
|-unboost|p2a: Heracross|spd|1
|
|-heal|p1a: Qwilfish|31/100|[from] item: Black Sludge
|upkeep
|turn|27
|
|t:|1642293275
|switch|p2a: Umbreon|Umbreon, F|44/100 brn
|-damage|p2a: Umbreon|31/100 brn|[from] Spikes
|-damage|p2a: Umbreon|19/100 brn|[from] Stealth Rock
|move|p1a: Qwilfish|Scald|p2a: Umbreon
|-damage|p2a: Umbreon|10/100 brn
|
|-heal|p1a: Qwilfish|37/100|[from] item: Black Sludge
|-heal|p2a: Umbreon|16/100 brn|[from] item: Leftovers
|-damage|p2a: Umbreon|3/100 brn|[from] brn
|upkeep
|turn|28
|
|t:|1642293282
|move|p1a: Qwilfish|Scald|p2a: Umbreon
|-damage|p2a: Umbreon|0 fnt
|faint|p2a: Umbreon
|
|-heal|p1a: Qwilfish|43/100|[from] item: Black Sludge
|upkeep
|
|t:|1642293283
|switch|p2a: Mew|Mew|100/100
|-damage|p2a: Mew|88/100|[from] Stealth Rock
|-damage|p2a: Mew|76/100|[from] Spikes
|turn|29
|
|t:|1642293300
|move|p2a: Mew|Zen Headbutt|p1a: Qwilfish
|-supereffective|p1a: Qwilfish
|-damage|p1a: Qwilfish|0 fnt
|faint|p1a: Qwilfish
|-damage|p2a: Mew|66/100|[from] item: Life Orb
|
|upkeep
|inactive|pif has 270 seconds left.
|
|t:|1642293333
|switch|p1a: Heracross|Heracross, F|34/100 brn
|-damage|p1a: Heracross|22/100 brn|[from] Spikes
|-damage|p1a: Heracross|9/100 brn|[from] Stealth Rock
|turn|30
|
|t:|1642293344
|switch|p2a: Swampert|Swampert, M|47/100
|-damage|p2a: Swampert|34/100|[from] Spikes
|-damage|p2a: Swampert|28/100|[from] Stealth Rock
|switch|p1a: Mew|Mew|69/100
|-damage|p1a: Mew|57/100|[from] Stealth Rock
|-damage|p1a: Mew|45/100|[from] Spikes
|
|-heal|p1a: Mew|51/100|[from] item: Leftovers
|-heal|p2a: Swampert|34/100|[from] item: Leftovers
|upkeep
|turn|31
|inactive|pif has 270 seconds left.
|
|t:|1642293355
|move|p1a: Mew|Soft-Boiled|p1a: Mew
|-heal|p1a: Mew|100/100
|move|p2a: Swampert|Roar|p1a: Mew
|drag|p1a: Togekiss|Togekiss, M|65/100
|-damage|p1a: Togekiss|40/100|[from] Stealth Rock
|
|-heal|p1a: Togekiss|47/100|[from] item: Leftovers
|-heal|p2a: Swampert|41/100|[from] item: Leftovers
|upkeep
|turn|32
|
|t:|1642293363
|move|p1a: Togekiss|Roost|p1a: Togekiss
|-heal|p1a: Togekiss|97/100
|-singleturn|p1a: Togekiss|move: Roost
|move|p2a: Swampert|Scald|p1a: Togekiss
|-damage|p1a: Togekiss|76/100
|
|-heal|p1a: Togekiss|83/100|[from] item: Leftovers
|-heal|p2a: Swampert|47/100|[from] item: Leftovers
|upkeep
|turn|33
|
|t:|1642293367
|move|p1a: Togekiss|Air Slash|p2a: Swampert
|-damage|p2a: Swampert|21/100
|move|p2a: Swampert|Roar|p1a: Togekiss
|drag|p1a: Rhyperior|Rhyperior, M|67/100
|-damage|p1a: Rhyperior|61/100|[from] Stealth Rock
|-damage|p1a: Rhyperior|48/100|[from] Spikes
|
|-heal|p2a: Swampert|27/100|[from] item: Leftovers
|-heal|p1a: Rhyperior|55/100|[from] item: Leftovers
|upkeep
|turn|34
|
|t:|1642293378
|move|p2a: Swampert|Scald|p1a: Rhyperior
|-supereffective|p1a: Rhyperior
|-damage|p1a: Rhyperior|0 fnt
|faint|p1a: Rhyperior
|
|-heal|p2a: Swampert|33/100|[from] item: Leftovers
|upkeep
|
|t:|1642293381
|switch|p1a: Togekiss|Togekiss, M|83/100
|-damage|p1a: Togekiss|58/100|[from] Stealth Rock
|turn|35
|
|t:|1642293385
|move|p1a: Togekiss|Air Slash|p2a: Swampert
|-damage|p2a: Swampert|7/100
|cant|p2a: Swampert|flinch
|
|-heal|p1a: Togekiss|64/100|[from] item: Leftovers
|-heal|p2a: Swampert|13/100|[from] item: Leftovers
|upkeep
|turn|36
|
|t:|1642293389
|move|p1a: Togekiss|Air Slash|p2a: Swampert
|-damage|p2a: Swampert|0 fnt
|faint|p2a: Swampert
|
|-heal|p1a: Togekiss|70/100|[from] item: Leftovers
|upkeep
|
|t:|1642293394
|switch|p2a: Mew|Mew|66/100
|-damage|p2a: Mew|54/100|[from] Stealth Rock
|-damage|p2a: Mew|41/100|[from] Spikes
|turn|37
|
|t:|1642293412
|move|p2a: Mew|Swords Dance|p2a: Mew
|-boost|p2a: Mew|atk|2
|move|p1a: Togekiss|Air Slash|p2a: Mew
|-damage|p2a: Mew|9/100
|
|-heal|p1a: Togekiss|76/100|[from] item: Leftovers
|upkeep
|turn|38
|
|t:|1642293427
|switch|p1a: Heracross|Heracross, F|9/100 brn
|-damage|p1a: Heracross|0 fnt|[from] Spikes
|faint|p1a: Heracross
|move|p2a: Mew|Zen Headbutt|p1: Heracross|[notarget]
|-fail|p2a: Mew
|
|upkeep
|
|t:|1642293430
|switch|p1a: Mew|Mew|100/100
|-damage|p1a: Mew|88/100|[from] Stealth Rock
|-damage|p1a: Mew|76/100|[from] Spikes
|turn|39
|
|t:|1642293437
|move|p2a: Mew|Drain Punch|p1a: Mew
|-resisted|p1a: Mew
|-damage|p1a: Mew|52/100
|-heal|p2a: Mew|24/100|[from] drain|[of] p1a: Mew
|-damage|p2a: Mew|14/100|[from] item: Life Orb
|move|p1a: Mew|Soft-Boiled|p1a: Mew
|-heal|p1a: Mew|100/100
|
|upkeep
|turn|40
|
|t:|1642293446
|move|p2a: Mew|Zen Headbutt|p1a: Mew
|-resisted|p1a: Mew
|-damage|p1a: Mew|61/100
|-damage|p2a: Mew|4/100|[from] item: Life Orb
|move|p1a: Mew|Will-O-Wisp|p2a: Mew|[miss]
|-miss|p1a: Mew|p2a: Mew
|
|-heal|p1a: Mew|67/100|[from] item: Leftovers
|upkeep
|turn|41
|
|t:|1642293451
|move|p2a: Mew|Zen Headbutt|p1a: Mew
|-resisted|p1a: Mew
|-damage|p1a: Mew|26/100
|-damage|p2a: Mew|0 fnt|[from] item: Life Orb
|faint|p2a: Mew
|move|p1a: Mew|Soft-Boiled|p1a: Mew
|-heal|p1a: Mew|76/100
|
|-heal|p1a: Mew|82/100|[from] item: Leftovers
|upkeep
|
|t:|1642293453
|switch|p2a: Heracross|Heracross, M|64/100
|-damage|p2a: Heracross|51/100|[from] Spikes
|-damage|p2a: Heracross|39/100|[from] Stealth Rock
|turn|42
|
|t:|1642293456
|move|p2a: Heracross|Megahorn|p1a: Mew
|-supereffective|p1a: Mew
|-damage|p1a: Mew|0 fnt
|faint|p1a: Mew
|-ability|p2a: Heracross|Moxie|boost
|-boost|p2a: Heracross|atk|1
|
|upkeep
|
|t:|1642293459
|switch|p1a: Togekiss|Togekiss, M|76/100
|-damage|p1a: Togekiss|51/100|[from] Stealth Rock
|turn|43
|inactive|pif has 270 seconds left.
|
|t:|1642293504
|move|p2a: Heracross|Megahorn|p1a: Togekiss|[miss]
|-miss|p2a: Heracross|p1a: Togekiss
|move|p1a: Togekiss|Roost|p1a: Togekiss
|-heal|p1a: Togekiss|100/100
|-singleturn|p1a: Togekiss|move: Roost
|
|upkeep
|turn|44
|
|t:|1642293510
|move|p2a: Heracross|Megahorn|p1a: Togekiss|[miss]
|-miss|p2a: Heracross|p1a: Togekiss
|move|p1a: Togekiss|Air Slash|p2a: Heracross
|-supereffective|p2a: Heracross
|-damage|p2a: Heracross|0 fnt
|faint|p2a: Heracross
|
|win|pif
|c|☆5cy|gg
|c|☆pif|gg
