|inactive|Battle timer is ON: inactive players will automatically lose when time's up.
|t:|1629496145
|gametype|singles
|player|p1|femboy tsb|roxanne-gen3|
|player|p2|Tack is a Nerd|aromalady-gen3|
|teamsize|p1|6
|teamsize|p2|6
|gen|5
|tier|[Gen 5] LC
|rule|Species Clause: Limit one of each Pokémon
|rule|OHKO Clause: OHKO moves are banned
|rule|Moody Clause: Moody is banned
|rule|Evasion Moves Clause: Evasion moves are banned
|rule|Endless Battle Clause: Forcing endless battles is banned
|rule|HP Percentage Mod: HP is shown in percentages
|rule|Sleep Clause: Sleep-inducing moves are banned
|clearpoke
|poke|p1|Abra, L5, M|item
|poke|p1|Omanyte, L5, F|item
|poke|p1|Drifloon, L5, M|item
|poke|p1|Chinchou, L5, M|item
|poke|p1|Drilbur, L5, M|item
|poke|p1|Mienfoo, L5, F|item
|poke|p2|Porygon, L5|item
|poke|p2|Timburr, L5, F|item
|poke|p2|Natu, L5, M|item
|poke|p2|Frillish, L5, F|item
|poke|p2|Drilbur, L5, F|item
|poke|p2|Magnemite, L5|item
|teampreview
|inactive|Tack is a Nerd has 270 seconds left.
|inactive|Tack is a Nerd has 240 seconds left.
|
|t:|1629496210
|start
|switch|p1a: Mienfoo|Mienfoo, L5, F|100/100
|switch|p2a: Kotov Syndrome|Drilbur, L5, F|100/100
|-ability|p2a: Kotov Syndrome|Mold Breaker
|turn|1
|
|t:|1629496228
|move|p1a: Mienfoo|Fake Out|p2a: Kotov Syndrome
|-damage|p2a: Kotov Syndrome|83/100
|cant|p2a: Kotov Syndrome|flinch
|
|upkeep
|turn|2
|c|+McSim|Hello could i be unmuted in LPL
|c|☆femboy tsb|no
|
|t:|1629496243
|move|p1a: Mienfoo|Knock Off|p2a: Kotov Syndrome
|-damage|p2a: Kotov Syndrome|74/100
|-enditem|p2a: Kotov Syndrome|Eviolite|[from] move: Knock Off|[of] p1a: Mienfoo
|move|p2a: Kotov Syndrome|Stealth Rock|p1a: Mienfoo
|-sidestart|p1: femboy tsb|move: Stealth Rock
|
|upkeep
|turn|3
|c|+McSim|Ok tsb
|c|+McSim|Gl still
|
|t:|1629496257
|move|p2a: Kotov Syndrome|Earthquake|p1a: Mienfoo
|-damage|p1a: Mienfoo|53/100
|move|p1a: Mienfoo|U-turn|p2a: Kotov Syndrome
|-damage|p2a: Kotov Syndrome|31/100
|inactive|femboy tsb has 270 seconds left.
|
|t:|1629496286
|switch|p1a: Abra|Abra, L5, M|100/100|[from]move: U-turn
|
|upkeep
|turn|4
|
|t:|1629496295
|switch|p2a: Broken Dreams Inc.|Porygon, L5|100/100
|-ability|p2a: Broken Dreams Inc.|Magic Guard|[from] ability: Trace|[of] p1a: Abra
|move|p1a: Abra|Psychic|p2a: Broken Dreams Inc.
|-damage|p2a: Broken Dreams Inc.|62/100
|
|upkeep
|turn|5
|
|t:|1629496309
|switch|p1a: Drilbur|Drilbur, L5, M|100/100
|-damage|p1a: Drilbur|96/100|[from] Stealth Rock
|-ability|p1a: Drilbur|Mold Breaker
|move|p2a: Broken Dreams Inc.|Thunder Wave|p1a: Drilbur
|-immune|p1a: Drilbur
|
|upkeep
|turn|6
|
|t:|1629496320
|move|p1a: Drilbur|Stealth Rock|p2a: Broken Dreams Inc.
|-sidestart|p2: Tack is a Nerd|move: Stealth Rock
|move|p2a: Broken Dreams Inc.|Recover|p2a: Broken Dreams Inc.
|-heal|p2a: Broken Dreams Inc.|100/100
|
|upkeep
|turn|7
|
|t:|1629496326
|move|p1a: Drilbur|Rapid Spin|p2a: Broken Dreams Inc.
|-damage|p2a: Broken Dreams Inc.|89/100
|-sideend|p1: femboy tsb|Stealth Rock|[from] move: Rapid Spin|[of] p1a: Drilbur
|move|p2a: Broken Dreams Inc.|Ice Beam|p1a: Drilbur
|-supereffective|p1a: Drilbur
|-crit|p1a: Drilbur
|-damage|p1a: Drilbur|0 fnt
|faint|p1a: Drilbur
|
|upkeep
|
|t:|1629496338
|switch|p1a: Mienfoo|Mienfoo, L5, F|86/100
|turn|8
|
|t:|1629496345
|switch|p2a: The Dirt Whispered|Timburr, L5, F|100/100
|-damage|p2a: The Dirt Whispered|96/100|[from] Stealth Rock
|move|p1a: Mienfoo|Knock Off|p2a: The Dirt Whispered
|-resisted|p2a: The Dirt Whispered
|-damage|p2a: The Dirt Whispered|92/100
|-enditem|p2a: The Dirt Whispered|Eviolite|[from] move: Knock Off|[of] p1a: Mienfoo
|
|upkeep
|turn|9
|
|t:|1629496362
|move|p1a: Mienfoo|High Jump Kick|p2a: The Dirt Whispered|[miss]
|-miss|p1a: Mienfoo|p2a: The Dirt Whispered
|-damage|p1a: Mienfoo|39/100|[from] highjumpkick
|move|p2a: The Dirt Whispered|Thunder Punch|p1a: Mienfoo
|-damage|p1a: Mienfoo|15/100
|
|upkeep
|turn|10
|c|☆Tack is a Nerd|my b
|c|☆femboy tsb|its ok
|
|t:|1629496376
|switch|p1a: Chinchou|Chinchou, L5, M|100/100
|move|p2a: The Dirt Whispered|Mach Punch|p1a: Chinchou
|-damage|p1a: Chinchou|84/100
|
|upkeep
|turn|11
|
|t:|1629496388
|move|p1a: Chinchou|Scald|p2a: The Dirt Whispered
|-damage|p2a: The Dirt Whispered|52/100
|move|p2a: The Dirt Whispered|Knock Off|p1a: Chinchou
|-damage|p1a: Chinchou|72/100
|-enditem|p1a: Chinchou|Eviolite|[from] move: Knock Off|[of] p2a: The Dirt Whispered
|
|upkeep
|turn|12
|
|t:|1629496402
|move|p1a: Chinchou|Scald|p2a: The Dirt Whispered
|-damage|p2a: The Dirt Whispered|16/100
|move|p2a: The Dirt Whispered|Drain Punch|p1a: Chinchou
|-damage|p1a: Chinchou|32/100
|-heal|p2a: The Dirt Whispered|36/100|[from] drain|[of] p1a: Chinchou
|
|upkeep
|turn|13
|inactive|femboy tsb has 270 seconds left.
|
|t:|1629496432
|switch|p2a: Swing Life Away|Frillish, L5, F|100/100
|-damage|p2a: Swing Life Away|88/100|[from] Stealth Rock
|move|p1a: Chinchou|Scald|p2a: Swing Life Away
|-resisted|p2a: Swing Life Away
|-damage|p2a: Swing Life Away|80/100
|-start|p1a: Chinchou|Disable|Scald|[from] ability: Cursed Body|[of] p2a: Swing Life Away
|
|upkeep
|turn|14
|
|t:|1629496448
|switch|p2a: Kotov Syndrome|Drilbur, L5, F|31/100
|-damage|p2a: Kotov Syndrome|27/100|[from] Stealth Rock
|-ability|p2a: Kotov Syndrome|Mold Breaker
|move|p1a: Chinchou|Volt Switch|p2a: Kotov Syndrome
|-immune|p2a: Kotov Syndrome
|
|upkeep
|turn|15
|c|+ALlCE|omg
|c|+ALlCE|tack is a nerd.
|
|t:|1629496466
|switch|p1a: Drifloon|Drifloon, L5, M|100/100
|move|p2a: Kotov Syndrome|Stealth Rock|p1a: Drifloon
|-sidestart|p1: femboy tsb|move: Stealth Rock
|
|upkeep
|turn|16
|inactive|femboy tsb has 240 seconds left.
|
|t:|1629496491
|move|p2a: Kotov Syndrome|Rock Slide|p1a: Drifloon
|-supereffective|p1a: Drifloon
|-damage|p1a: Drifloon|0 fnt
|faint|p1a: Drifloon
|
|upkeep
|c|☆femboy tsb|wtf that kills
|c|☆femboy tsb|: (
|c|☆Tack is a Nerd|yea no evio
|
|t:|1629496508
|switch|p1a: Abra|Abra, L5, M|100/100
|turn|17
|
|t:|1629496526
|move|p1a: Abra|Psychic|p2a: Kotov Syndrome
|-crit|p2a: Kotov Syndrome
|-damage|p2a: Kotov Syndrome|0 fnt
|faint|p2a: Kotov Syndrome
|
|upkeep
|
|t:|1629496531
|switch|p2a: Broken Dreams Inc.|Porygon, L5|89/100
|-damage|p2a: Broken Dreams Inc.|77/100|[from] Stealth Rock
|-ability|p2a: Broken Dreams Inc.|Magic Guard|[from] ability: Trace|[of] p1a: Abra
|turn|18
|inactive|femboy tsb has 240 seconds left.
|
|t:|1629496549
|switch|p1a: Chinchou|Chinchou, L5, M|32/100
|-damage|p1a: Chinchou|20/100|[from] Stealth Rock
|move|p2a: Broken Dreams Inc.|Thunder Wave|p1a: Chinchou
|-heal|p1a: Chinchou|44/100|[from] ability: Volt Absorb|[of] p2a: Broken Dreams Inc.
|
|upkeep
|turn|19
|inactive|femboy tsb has 240 seconds left.
|
|t:|1629496567
|move|p1a: Chinchou|Scald|p2a: Broken Dreams Inc.
|-damage|p2a: Broken Dreams Inc.|54/100
|move|p2a: Broken Dreams Inc.|Ice Beam|p1a: Chinchou
|-resisted|p1a: Chinchou
|-damage|p1a: Chinchou|29/100
|
|upkeep
|turn|20
|
|t:|1629496578
|move|p1a: Chinchou|Rest|p1a: Chinchou
|-status|p1a: Chinchou|slp|[from] move: Rest
|-heal|p1a: Chinchou|100/100 slp|[silent]
|move|p2a: Broken Dreams Inc.|Recover|p2a: Broken Dreams Inc.
|-heal|p2a: Broken Dreams Inc.|100/100
|
|upkeep
|turn|21
|c|+Dreamcatcher UwU|???
|c|☆Tack is a Nerd|ic
|
|t:|1629496589
|cant|p1a: Chinchou|slp
|move|p1a: Chinchou|Sleep Talk|p1a: Chinchou
|move|p1a: Chinchou|Volt Switch|p2a: Broken Dreams Inc.|[from]move: Sleep Talk
|-damage|p2a: Broken Dreams Inc.|85/100
|inactive|femboy tsb has 240 seconds left.
|
|t:|1629496600
|switch|p1a: Omanyte|Omanyte, L5, F|100/100|[from]move: Volt Switch
|-damage|p1a: Omanyte|90/100|[from] Stealth Rock
|move|p2a: Broken Dreams Inc.|Ice Beam|p1a: Omanyte
|-resisted|p1a: Omanyte
|-damage|p1a: Omanyte|75/100
|
|upkeep
|turn|22
|inactive|femboy tsb has 240 seconds left.
|inactive|Tack is a Nerd has 270 seconds left.
|
|t:|1629496649
|move|p1a: Omanyte|Shell Smash|p1a: Omanyte
|-unboost|p1a: Omanyte|def|1
|-unboost|p1a: Omanyte|spd|1
|-boost|p1a: Omanyte|atk|2
|-boost|p1a: Omanyte|spa|2
|-boost|p1a: Omanyte|spe|2
|move|p2a: Broken Dreams Inc.|Thunder Wave|p1a: Omanyte
|-status|p1a: Omanyte|par
|
|upkeep
|turn|23
|
|t:|1629496661
|move|p2a: Broken Dreams Inc.|Thunderbolt|p1a: Omanyte
|-supereffective|p1a: Omanyte
|-damage|p1a: Omanyte|0 fnt
|faint|p1a: Omanyte
|
|upkeep
|
|t:|1629496665
|switch|p1a: Mienfoo|Mienfoo, L5, F|48/100
|-damage|p1a: Mienfoo|43/100|[from] Stealth Rock
|turn|24
|
|t:|1629496670
|switch|p2a: Swing Life Away|Frillish, L5, F|80/100
|-damage|p2a: Swing Life Away|68/100|[from] Stealth Rock
|move|p1a: Mienfoo|U-turn|p2a: Swing Life Away
|-resisted|p2a: Swing Life Away
|-damage|p2a: Swing Life Away|60/100
|
|t:|1629496691
|switch|p1a: Chinchou|Chinchou, L5, M|100/100 slp|[from]move: U-turn
|-damage|p1a: Chinchou|88/100 slp|[from] Stealth Rock
|
|upkeep
|turn|25
|
|t:|1629496702
|cant|p1a: Chinchou|slp
|move|p1a: Chinchou|Sleep Talk|p1a: Chinchou
|move|p1a: Chinchou|Volt Switch|p2a: Swing Life Away|[from]move: Sleep Talk
|-supereffective|p2a: Swing Life Away
|-damage|p2a: Swing Life Away|29/100
|
|t:|1629496707
|switch|p1a: Mienfoo|Mienfoo, L5, F|77/100|[from]move: Volt Switch
|-damage|p1a: Mienfoo|72/100|[from] Stealth Rock
|move|p2a: Swing Life Away|Recover|p2a: Swing Life Away
|-heal|p2a: Swing Life Away|80/100
|
|upkeep
|turn|26
|
|t:|1629496712
|move|p1a: Mienfoo|Knock Off|p2a: Swing Life Away
|-supereffective|p2a: Swing Life Away
|-crit|p2a: Swing Life Away
|-damage|p2a: Swing Life Away|40/100
|-start|p1a: Mienfoo|Disable|Knock Off|[from] ability: Cursed Body|[of] p2a: Swing Life Away
|-enditem|p2a: Swing Life Away|Eviolite|[from] move: Knock Off|[of] p1a: Mienfoo
|move|p2a: Swing Life Away|Scald|p1a: Mienfoo
|-damage|p1a: Mienfoo|39/100
|
|upkeep
|turn|27
|inactive|femboy tsb has 240 seconds left.
|
|t:|1629496722
|switch|p1a: Chinchou|Chinchou, L5, M|88/100 slp
|-damage|p1a: Chinchou|76/100 slp|[from] Stealth Rock
|move|p2a: Swing Life Away|Recover|p2a: Swing Life Away
|-heal|p2a: Swing Life Away|92/100
|
|upkeep
|turn|28
|inactive|femboy tsb has 240 seconds left.
|
|t:|1629496737
|cant|p1a: Chinchou|slp
|move|p1a: Chinchou|Sleep Talk|p1a: Chinchou
|move|p1a: Chinchou|Rest||[from]move: Sleep Talk|[still]
|-fail|p1a: Chinchou
|move|p2a: Swing Life Away|Scald|p1a: Chinchou
|-resisted|p1a: Chinchou
|-damage|p1a: Chinchou|60/100 slp
|
|upkeep
|turn|29
|
|t:|1629496744
|cant|p1a: Chinchou|slp
|move|p1a: Chinchou|Sleep Talk|p1a: Chinchou
|move|p1a: Chinchou|Rest||[from]move: Sleep Talk|[still]
|-fail|p1a: Chinchou
|move|p2a: Swing Life Away|Taunt|p1a: Chinchou
|-start|p1a: Chinchou|move: Taunt
|
|upkeep
|turn|30
|
|t:|1629496755
|-curestatus|p1a: Chinchou|slp|[msg]
|move|p1a: Chinchou|Volt Switch|p2a: Swing Life Away
|-supereffective|p2a: Swing Life Away
|-damage|p2a: Swing Life Away|36/100
|inactive|femboy tsb has 240 seconds left.
|
|t:|1629496766
|switch|p1a: Mienfoo|Mienfoo, L5, F|72/100|[from]move: Volt Switch
|-damage|p1a: Mienfoo|67/100|[from] Stealth Rock
|move|p2a: Swing Life Away|Recover|p2a: Swing Life Away
|-heal|p2a: Swing Life Away|88/100
|
|upkeep
|turn|31
|inactive|femboy tsb has 240 seconds left.
|
|t:|1629496780
|move|p1a: Mienfoo|U-turn|p2a: Swing Life Away
|-resisted|p2a: Swing Life Away
|-damage|p2a: Swing Life Away|72/100
|
|t:|1629496782
|switch|p1a: Chinchou|Chinchou, L5, M|60/100|[from]move: U-turn
|-damage|p1a: Chinchou|48/100|[from] Stealth Rock
|move|p2a: Swing Life Away|Scald|p1a: Chinchou
|-resisted|p1a: Chinchou
|-damage|p1a: Chinchou|32/100
|
|upkeep
|turn|32
|inactive|femboy tsb has 240 seconds left.
|c|☆Tack is a Nerd|brb
|inactive|Tack is a Nerd has 270 seconds left.
|
|t:|1629496831
|move|p1a: Chinchou|Rest|p1a: Chinchou
|-status|p1a: Chinchou|slp|[from] move: Rest
|-heal|p1a: Chinchou|100/100 slp|[silent]
|move|p2a: Swing Life Away|Taunt|p1a: Chinchou
|-start|p1a: Chinchou|move: Taunt
|
|upkeep
|turn|33
|inactive|femboy tsb has 210 seconds left.
|
|t:|1629496849
|switch|p1a: Mienfoo|Mienfoo, L5, F|100/100
|-damage|p1a: Mienfoo|96/100|[from] Stealth Rock
|switch|p2a: Paper Wings|Natu, L5, M|100/100
|-damage|p2a: Paper Wings|75/100|[from] Stealth Rock
|
|upkeep
|turn|34
|inactive|femboy tsb has 210 seconds left.
|
|t:|1629496860
|move|p2a: Paper Wings|Psychic|p1a: Mienfoo
|-supereffective|p1a: Mienfoo
|-damage|p1a: Mienfoo|10/100
|move|p1a: Mienfoo|Knock Off|p2a: Paper Wings
|-supereffective|p2a: Paper Wings
|-damage|p2a: Paper Wings|56/100
|-enditem|p2a: Paper Wings|Eviolite|[from] move: Knock Off|[of] p1a: Mienfoo
|
|upkeep
|turn|35
|inactive|femboy tsb has 210 seconds left.
|
|t:|1629496876
|move|p1a: Mienfoo|High Jump Kick|p2a: Paper Wings
|-resisted|p2a: Paper Wings
|-damage|p2a: Paper Wings|35/100
|move|p2a: Paper Wings|Psychic|p1a: Mienfoo
|-supereffective|p1a: Mienfoo
|-damage|p1a: Mienfoo|0 fnt
|faint|p1a: Mienfoo
|
|upkeep
|inactive|femboy tsb has 210 seconds left.
|
|t:|1629496882
|switch|p1a: Abra|Abra, L5, M|100/100
|turn|36
|inactive|femboy tsb has 210 seconds left.
|inactive|Tack is a Nerd has 240 seconds left.
|
|t:|1629496920
|move|p1a: Abra|Shadow Ball|p2a: Paper Wings
|-supereffective|p2a: Paper Wings
|-damage|p2a: Paper Wings|0 fnt
|faint|p2a: Paper Wings
|
|upkeep
|
|t:|1629496922
|switch|p2a: Broken Dreams Inc.|Porygon, L5|85/100
|-damage|p2a: Broken Dreams Inc.|74/100|[from] Stealth Rock
|-ability|p2a: Broken Dreams Inc.|Magic Guard|[from] ability: Trace|[of] p1a: Abra
|turn|37
|
|t:|1629496929
|switch|p1a: Chinchou|Chinchou, L5, M|100/100 slp
|-damage|p1a: Chinchou|88/100 slp|[from] Stealth Rock
|move|p2a: Broken Dreams Inc.|Recover|p2a: Broken Dreams Inc.
|-heal|p2a: Broken Dreams Inc.|100/100
|
|upkeep
|turn|38
|
|t:|1629496944
|cant|p1a: Chinchou|slp
|move|p2a: Broken Dreams Inc.|Ice Beam|p1a: Chinchou
|-resisted|p1a: Chinchou
|-damage|p1a: Chinchou|72/100 slp
|
|upkeep
|turn|39
|
|t:|1629496950
|cant|p1a: Chinchou|slp
|move|p2a: Broken Dreams Inc.|Ice Beam|p1a: Chinchou
|-resisted|p1a: Chinchou
|-damage|p1a: Chinchou|57/100 slp
|
|upkeep
|turn|40
|
|t:|1629496956
|-curestatus|p1a: Chinchou|slp|[msg]
|move|p1a: Chinchou|Scald|p2a: Broken Dreams Inc.
|-damage|p2a: Broken Dreams Inc.|77/100
|-status|p2a: Broken Dreams Inc.|brn
|move|p2a: Broken Dreams Inc.|Ice Beam|p1a: Chinchou
|-resisted|p1a: Chinchou
|-damage|p1a: Chinchou|40/100
|-status|p1a: Chinchou|frz
|
|upkeep
|turn|41
|inactive|femboy tsb has 210 seconds left.
|inactive|Tack is a Nerd has 270 seconds left.
|
|t:|1629496969
|-curestatus|p1a: Chinchou|frz|[from] move: Scald
|move|p1a: Chinchou|Scald|p2a: Broken Dreams Inc.
|-damage|p2a: Broken Dreams Inc.|54/100 brn
|move|p2a: Broken Dreams Inc.|Ice Beam|p1a: Chinchou
|-resisted|p1a: Chinchou
|-damage|p1a: Chinchou|24/100
|
|upkeep
|turn|42
|inactive|femboy tsb has 210 seconds left.
|inactive|Tack is a Nerd has 270 seconds left.
|
|t:|1629496975
|move|p1a: Chinchou|Rest|p1a: Chinchou
|-status|p1a: Chinchou|slp|[from] move: Rest
|-heal|p1a: Chinchou|100/100 slp|[silent]
|move|p2a: Broken Dreams Inc.|Recover|p2a: Broken Dreams Inc.
|-heal|p2a: Broken Dreams Inc.|100/100 brn
|
|upkeep
|turn|43
|
|t:|1629496980
|cant|p1a: Chinchou|slp
|move|p1a: Chinchou|Sleep Talk|p1a: Chinchou
|move|p1a: Chinchou|Rest||[from]move: Sleep Talk|[still]
|-fail|p1a: Chinchou
|move|p2a: Broken Dreams Inc.|Thunder Wave|p1a: Chinchou
|-immune|p1a: Chinchou|[from] ability: Volt Absorb
|
|upkeep
|turn|44
|
|t:|1629496989
|cant|p1a: Chinchou|slp
|move|p2a: Broken Dreams Inc.|Thunder Wave|p1a: Chinchou
|-immune|p1a: Chinchou|[from] ability: Volt Absorb
|
|upkeep
|turn|45
|
|t:|1629496992
|-curestatus|p1a: Chinchou|slp|[msg]
|move|p1a: Chinchou|Scald|p2a: Broken Dreams Inc.
|-damage|p2a: Broken Dreams Inc.|77/100 brn
|move|p2a: Broken Dreams Inc.|Thunder Wave|p1a: Chinchou
|-immune|p1a: Chinchou|[from] ability: Volt Absorb
|
|upkeep
|turn|46
|
|t:|1629497000
|move|p1a: Chinchou|Scald|p2a: Broken Dreams Inc.
|-damage|p2a: Broken Dreams Inc.|54/100 brn
|move|p2a: Broken Dreams Inc.|Thunder Wave|p1a: Chinchou
|-immune|p1a: Chinchou|[from] ability: Volt Absorb
|
|upkeep
|turn|47
|
|t:|1629497009
|move|p1a: Chinchou|Scald|p2a: Broken Dreams Inc.
|-damage|p2a: Broken Dreams Inc.|31/100 brn
|move|p2a: Broken Dreams Inc.|Recover|p2a: Broken Dreams Inc.
|-heal|p2a: Broken Dreams Inc.|81/100 brn
|
|upkeep
|turn|48
|
|t:|1629497017
|move|p1a: Chinchou|Scald|p2a: Broken Dreams Inc.
|-damage|p2a: Broken Dreams Inc.|58/100 brn
|move|p2a: Broken Dreams Inc.|Thunder Wave|p1a: Chinchou
|-immune|p1a: Chinchou|[from] ability: Volt Absorb
|
|upkeep
|turn|49
|c|+babyboyblues|yo wtf tsb plays mons
|
|t:|1629497024
|move|p1a: Chinchou|Scald|p2a: Broken Dreams Inc.
|-damage|p2a: Broken Dreams Inc.|35/100 brn
|move|p2a: Broken Dreams Inc.|Recover|p2a: Broken Dreams Inc.
|-heal|p2a: Broken Dreams Inc.|85/100 brn
|
|upkeep
|turn|50
|
|t:|1629497028
|move|p1a: Chinchou|Scald|p2a: Broken Dreams Inc.
|-damage|p2a: Broken Dreams Inc.|62/100 brn
|move|p2a: Broken Dreams Inc.|Thunder Wave|p1a: Chinchou
|-immune|p1a: Chinchou|[from] ability: Volt Absorb
|
|upkeep
|turn|51
|c|☆femboy tsb|not really
|inactive|femboy tsb has 270 seconds left.
|
|t:|1629497035
|move|p1a: Chinchou|Scald|p2a: Broken Dreams Inc.
|-damage|p2a: Broken Dreams Inc.|39/100 brn
|move|p2a: Broken Dreams Inc.|Recover|p2a: Broken Dreams Inc.
|-heal|p2a: Broken Dreams Inc.|89/100 brn
|
|upkeep
|turn|52
|c|+zeroouttathere|bbb and i falling asleep
|inactive|femboy tsb has 270 seconds left.
|c|+zeroouttathere|the rest of the party departed
|
|t:|1629497047
|move|p1a: Chinchou|Scald|p2a: Broken Dreams Inc.
|-crit|p2a: Broken Dreams Inc.
|-damage|p2a: Broken Dreams Inc.|39/100 brn
|move|p2a: Broken Dreams Inc.|Thunder Wave|p1a: Chinchou
|-immune|p1a: Chinchou|[from] ability: Volt Absorb
|
|upkeep
|turn|53
|inactive|femboy tsb has 270 seconds left.
|c|☆Tack is a Nerd|oh thats not good dont do that again pls
|c|+Coalette|itd be deserved tbf
|
|t:|1629497074
|move|p1a: Chinchou|Scald|p2a: Broken Dreams Inc.
|-damage|p2a: Broken Dreams Inc.|16/100 brn
|move|p2a: Broken Dreams Inc.|Recover|p2a: Broken Dreams Inc.
|-heal|p2a: Broken Dreams Inc.|66/100 brn
|
|upkeep
|turn|54
|
|t:|1629497083
|move|p1a: Chinchou|Scald|p2a: Broken Dreams Inc.
|-damage|p2a: Broken Dreams Inc.|43/100 brn
|move|p2a: Broken Dreams Inc.|Recover|p2a: Broken Dreams Inc.
|-heal|p2a: Broken Dreams Inc.|93/100 brn
|
|upkeep
|turn|55
|
|t:|1629497086
|move|p1a: Chinchou|Scald|p2a: Broken Dreams Inc.
|-damage|p2a: Broken Dreams Inc.|70/100 brn
|move|p2a: Broken Dreams Inc.|Thunder Wave|p1a: Chinchou
|-immune|p1a: Chinchou|[from] ability: Volt Absorb
|
|upkeep
|turn|56
|
|t:|1629497091
|move|p1a: Chinchou|Scald|p2a: Broken Dreams Inc.
|-damage|p2a: Broken Dreams Inc.|43/100 brn
|move|p2a: Broken Dreams Inc.|Recover|p2a: Broken Dreams Inc.
|-heal|p2a: Broken Dreams Inc.|93/100 brn
|
|upkeep
|turn|57
|
|t:|1629497098
|move|p1a: Chinchou|Scald|p2a: Broken Dreams Inc.
|-damage|p2a: Broken Dreams Inc.|70/100 brn
|move|p2a: Broken Dreams Inc.|Thunder Wave|p1a: Chinchou
|-immune|p1a: Chinchou|[from] ability: Volt Absorb
|
|upkeep
|turn|58
|c|+fiend hound|this is so entertaining 
|
|t:|1629497105
|move|p1a: Chinchou|Scald|p2a: Broken Dreams Inc.
|-damage|p2a: Broken Dreams Inc.|47/100 brn
|move|p2a: Broken Dreams Inc.|Recover|p2a: Broken Dreams Inc.
|-heal|p2a: Broken Dreams Inc.|97/100 brn
|
|upkeep
|turn|59
|c|+fiend hound|i play pokemon for htis
|
|t:|1629497111
|move|p1a: Chinchou|Scald|p2a: Broken Dreams Inc.
|-damage|p2a: Broken Dreams Inc.|70/100 brn
|move|p2a: Broken Dreams Inc.|Thunder Wave|p1a: Chinchou
|-immune|p1a: Chinchou|[from] ability: Volt Absorb
|
|upkeep
|turn|60
|c|+Coalette|boy i love bw
|c|+Coalette|-fiend
|c|+Coalette|every day
|
|t:|1629497123
|move|p1a: Chinchou|Scald|p2a: Broken Dreams Inc.
|-damage|p2a: Broken Dreams Inc.|47/100 brn
|move|p2a: Broken Dreams Inc.|Recover|p2a: Broken Dreams Inc.
|-heal|p2a: Broken Dreams Inc.|97/100 brn
|
|upkeep
|turn|61
|
|t:|1629497129
|move|p1a: Chinchou|Scald|p2a: Broken Dreams Inc.
|-damage|p2a: Broken Dreams Inc.|74/100 brn
|move|p2a: Broken Dreams Inc.|Thunder Wave|p1a: Chinchou
|-immune|p1a: Chinchou|[from] ability: Volt Absorb
|
|upkeep
|turn|62
|c|☆femboy tsb|the hl of this game was me tossing the drifloon that 6-0d
|c|☆Tack is a Nerd|pory eats nongem
|inactive|Tack is a Nerd has 270 seconds left.
|
|t:|1629497169
|move|p1a: Chinchou|Scald|p2a: Broken Dreams Inc.
|-damage|p2a: Broken Dreams Inc.|50/100 brn
|move|p2a: Broken Dreams Inc.|Recover|p2a: Broken Dreams Inc.
|-heal|p2a: Broken Dreams Inc.|100/100 brn
|
|upkeep
|turn|63
|
|t:|1629497199
|move|p1a: Chinchou|Sleep Talk||[still]
|-fail|p1a: Chinchou
|move|p2a: Broken Dreams Inc.|Thunder Wave|p1a: Chinchou
|-immune|p1a: Chinchou|[from] ability: Volt Absorb
|
|upkeep
|turn|64
|
|t:|1629497203
|move|p1a: Chinchou|Sleep Talk||[still]
|-fail|p1a: Chinchou
|move|p2a: Broken Dreams Inc.|Thunderbolt|p1a: Chinchou
|-immune|p1a: Chinchou|[from] ability: Volt Absorb
|
|upkeep
|turn|65
|
|t:|1629497209
|move|p1a: Chinchou|Sleep Talk||[still]
|-fail|p1a: Chinchou
|move|p2a: Broken Dreams Inc.|Thunderbolt|p1a: Chinchou
|-immune|p1a: Chinchou|[from] ability: Volt Absorb
|
|upkeep
|turn|66
|
|t:|1629497212
|move|p1a: Chinchou|Sleep Talk||[still]
|-fail|p1a: Chinchou
|move|p2a: Broken Dreams Inc.|Thunderbolt|p1a: Chinchou
|-immune|p1a: Chinchou|[from] ability: Volt Absorb
|
|upkeep
|turn|67
|
|t:|1629497214
|move|p1a: Chinchou|Sleep Talk||[still]
|-fail|p1a: Chinchou
|move|p2a: Broken Dreams Inc.|Thunderbolt|p1a: Chinchou
|-immune|p1a: Chinchou|[from] ability: Volt Absorb
|
|upkeep
|turn|68
|
|t:|1629497219
|move|p1a: Chinchou|Sleep Talk||[still]
|-fail|p1a: Chinchou
|move|p2a: Broken Dreams Inc.|Thunder Wave|p1a: Chinchou
|-immune|p1a: Chinchou|[from] ability: Volt Absorb
|
|upkeep
|turn|69
|
|t:|1629497221
|move|p1a: Chinchou|Sleep Talk||[still]
|-fail|p1a: Chinchou
|move|p2a: Broken Dreams Inc.|Thunderbolt|p1a: Chinchou
|-immune|p1a: Chinchou|[from] ability: Volt Absorb
|
|upkeep
|turn|70
|
|t:|1629497224
|move|p1a: Chinchou|Sleep Talk||[still]
|-fail|p1a: Chinchou
|move|p2a: Broken Dreams Inc.|Thunder Wave|p1a: Chinchou
|-immune|p1a: Chinchou|[from] ability: Volt Absorb
|
|upkeep
|turn|71
|c|+babyboyblues|can u sleep talk a move with 0 pp
|
|t:|1629497230
|move|p1a: Chinchou|Sleep Talk||[still]
|-fail|p1a: Chinchou
|move|p2a: Broken Dreams Inc.|Thunderbolt|p1a: Chinchou
|-immune|p1a: Chinchou|[from] ability: Volt Absorb
|
|upkeep
|turn|72
|c|☆femboy tsb|no
|c|☆Tack is a Nerd|yes
|c|+Coalette|no
|
|t:|1629497243
|move|p1a: Chinchou|Sleep Talk||[still]
|-fail|p1a: Chinchou
|move|p2a: Broken Dreams Inc.|Thunder Wave|p1a: Chinchou
|-immune|p1a: Chinchou|[from] ability: Volt Absorb
|
|upkeep
|turn|73
|inactive|femboy tsb has 270 seconds left.
|
|t:|1629497274
|move|p1a: Chinchou|Sleep Talk||[still]
|-fail|p1a: Chinchou
|move|p2a: Broken Dreams Inc.|Thunderbolt|p1a: Chinchou
|-immune|p1a: Chinchou|[from] ability: Volt Absorb
|
|upkeep
|turn|74
|
|t:|1629497277
|move|p1a: Chinchou|Rest|p1a: Chinchou
|-fail|p1a: Chinchou|heal
|move|p2a: Broken Dreams Inc.|Thunderbolt|p1a: Chinchou
|-immune|p1a: Chinchou|[from] ability: Volt Absorb
|
|upkeep
|turn|75
|
|t:|1629497282
|move|p1a: Chinchou|Rest|p1a: Chinchou
|-fail|p1a: Chinchou|heal
|move|p2a: Broken Dreams Inc.|Thunderbolt|p1a: Chinchou
|-immune|p1a: Chinchou|[from] ability: Volt Absorb
|
|upkeep
|turn|76
|
|t:|1629497287
|move|p1a: Chinchou|Rest|p1a: Chinchou
|-fail|p1a: Chinchou|heal
|move|p2a: Broken Dreams Inc.|Thunder Wave|p1a: Chinchou
|-immune|p1a: Chinchou|[from] ability: Volt Absorb
|
|upkeep
|turn|77
|
|t:|1629497288
|move|p1a: Chinchou|Rest|p1a: Chinchou
|-fail|p1a: Chinchou|heal
|move|p2a: Broken Dreams Inc.|Thunder Wave|p1a: Chinchou
|-immune|p1a: Chinchou|[from] ability: Volt Absorb
|
|upkeep
|turn|78
|
|t:|1629497290
|move|p1a: Chinchou|Rest|p1a: Chinchou
|-fail|p1a: Chinchou|heal
|move|p2a: Broken Dreams Inc.|Thunder Wave|p1a: Chinchou
|-immune|p1a: Chinchou|[from] ability: Volt Absorb
|
|upkeep
|turn|79
|
|t:|1629497292
|move|p1a: Chinchou|Rest|p1a: Chinchou
|-fail|p1a: Chinchou|heal
|move|p2a: Broken Dreams Inc.|Thunder Wave|p1a: Chinchou
|-immune|p1a: Chinchou|[from] ability: Volt Absorb
|
|upkeep
|turn|80
|c|+jcbc|this is peak pokemon
|
|t:|1629497300
|move|p1a: Chinchou|Volt Switch|p2a: Broken Dreams Inc.
|-damage|p2a: Broken Dreams Inc.|85/100 brn
|
|t:|1629497303
|switch|p1a: Abra|Abra, L5, M|100/100|[from]move: Volt Switch
|move|p2a: Broken Dreams Inc.|Thunder Wave|p1a: Abra
|-status|p1a: Abra|par
|
|upkeep
|turn|81
|
|t:|1629497312
|move|p2a: Broken Dreams Inc.|Thunderbolt|p1a: Abra
|-damage|p1a: Abra|48/100 par
|move|p1a: Abra|Hidden Power|p2a: Broken Dreams Inc.
|-supereffective|p2a: Broken Dreams Inc.
|-damage|p2a: Broken Dreams Inc.|47/100 brn
|
|upkeep
|turn|82
|
|t:|1629497316
|move|p2a: Broken Dreams Inc.|Thunderbolt|p1a: Abra
|-damage|p1a: Abra|0 fnt
|faint|p1a: Abra
|
|upkeep
|
|t:|1629497319
|switch|p1a: Chinchou|Chinchou, L5, M|100/100
|-damage|p1a: Chinchou|88/100|[from] Stealth Rock
|turn|83
|
|t:|1629497323
|move|p1a: Chinchou|Volt Switch|p2a: Broken Dreams Inc.
|-damage|p2a: Broken Dreams Inc.|31/100 brn
|move|p2a: Broken Dreams Inc.|Recover|p2a: Broken Dreams Inc.
|-heal|p2a: Broken Dreams Inc.|81/100 brn
|
|upkeep
|turn|84
|
|t:|1629497339
|switch|p2a: Savior|Magnemite, L5|100/100
|-damage|p2a: Savior|95/100|[from] Stealth Rock
|move|p1a: Chinchou|Volt Switch|p2a: Savior
|-resisted|p2a: Savior
|-damage|p2a: Savior|74/100
|
|upkeep
|turn|85
|
|t:|1629497345
|move|p2a: Savior|Volt Switch|p1a: Chinchou
|-heal|p1a: Chinchou|100/100|[from] ability: Volt Absorb|[of] p2a: Savior
|move|p1a: Chinchou|Volt Switch|p2a: Savior
|-resisted|p2a: Savior
|-damage|p2a: Savior|58/100
|
|upkeep
|turn|86
|
|t:|1629497349
|switch|p2a: Broken Dreams Inc.|Porygon, L5|81/100 brn
|-damage|p2a: Broken Dreams Inc.|70/100 brn|[from] Stealth Rock
|-ability|p2a: Broken Dreams Inc.|Volt Absorb|[from] ability: Trace|[of] p1a: Chinchou
|move|p1a: Chinchou|Volt Switch|p2a: Broken Dreams Inc.
|-heal|p2a: Broken Dreams Inc.|93/100 brn|[from] ability: Volt Absorb|[of] p1a: Chinchou
|
|-damage|p2a: Broken Dreams Inc.|81/100 brn|[from] brn
|upkeep
|turn|87
|
|t:|1629497355
|move|p1a: Chinchou|Volt Switch|p2a: Broken Dreams Inc.
|-heal|p2a: Broken Dreams Inc.|100/100 brn|[from] ability: Volt Absorb|[of] p1a: Chinchou
|move|p2a: Broken Dreams Inc.|Thunder Wave|p1a: Chinchou
|-immune|p1a: Chinchou|[from] ability: Volt Absorb
|
|-damage|p2a: Broken Dreams Inc.|89/100 brn|[from] brn
|upkeep
|turn|88
|
|t:|1629497358
|move|p1a: Chinchou|Volt Switch|p2a: Broken Dreams Inc.
|-heal|p2a: Broken Dreams Inc.|100/100 brn|[from] ability: Volt Absorb|[of] p1a: Chinchou
|move|p2a: Broken Dreams Inc.|Thunder Wave|p1a: Chinchou
|-immune|p1a: Chinchou|[from] ability: Volt Absorb
|
|-damage|p2a: Broken Dreams Inc.|89/100 brn|[from] brn
|upkeep
|turn|89
|
|t:|1629497364
|move|p1a: Chinchou|Volt Switch|p2a: Broken Dreams Inc.
|-heal|p2a: Broken Dreams Inc.|100/100 brn|[from] ability: Volt Absorb|[of] p1a: Chinchou
|move|p2a: Broken Dreams Inc.|Thunder Wave|p1a: Chinchou
|-immune|p1a: Chinchou|[from] ability: Volt Absorb
|
|-damage|p2a: Broken Dreams Inc.|89/100 brn|[from] brn
|upkeep
|turn|90
|
|t:|1629497367
|move|p1a: Chinchou|Volt Switch|p2a: Broken Dreams Inc.
|-heal|p2a: Broken Dreams Inc.|100/100 brn|[from] ability: Volt Absorb|[of] p1a: Chinchou
|move|p2a: Broken Dreams Inc.|Thunder Wave|p1a: Chinchou
|-immune|p1a: Chinchou|[from] ability: Volt Absorb
|
|-damage|p2a: Broken Dreams Inc.|89/100 brn|[from] brn
|upkeep
|turn|91
|c|+babyboyblues|dang tack is so powerful
|
|t:|1629497371
|move|p1a: Chinchou|Volt Switch|p2a: Broken Dreams Inc.
|-heal|p2a: Broken Dreams Inc.|100/100 brn|[from] ability: Volt Absorb|[of] p1a: Chinchou
|move|p2a: Broken Dreams Inc.|Thunder Wave|p1a: Chinchou
|-immune|p1a: Chinchou|[from] ability: Volt Absorb
|
|-damage|p2a: Broken Dreams Inc.|89/100 brn|[from] brn
|upkeep
|turn|92
|
|t:|1629497374
|move|p1a: Chinchou|Volt Switch|p2a: Broken Dreams Inc.
|-heal|p2a: Broken Dreams Inc.|100/100 brn|[from] ability: Volt Absorb|[of] p1a: Chinchou
|move|p2a: Broken Dreams Inc.|Thunderbolt|p1a: Chinchou
|-immune|p1a: Chinchou|[from] ability: Volt Absorb
|
|-damage|p2a: Broken Dreams Inc.|89/100 brn|[from] brn
|upkeep
|turn|93
|
|t:|1629497378
|move|p1a: Chinchou|Volt Switch|p2a: Broken Dreams Inc.
|-heal|p2a: Broken Dreams Inc.|100/100 brn|[from] ability: Volt Absorb|[of] p1a: Chinchou
|move|p2a: Broken Dreams Inc.|Thunderbolt|p1a: Chinchou
|-immune|p1a: Chinchou|[from] ability: Volt Absorb
|
|-damage|p2a: Broken Dreams Inc.|89/100 brn|[from] brn
|upkeep
|turn|94
|c|☆femboy tsb|this is what lpl was meant for
|
|t:|1629497385
|move|p1a: Chinchou|Volt Switch|p2a: Broken Dreams Inc.
|-heal|p2a: Broken Dreams Inc.|100/100 brn|[from] ability: Volt Absorb|[of] p1a: Chinchou
|move|p2a: Broken Dreams Inc.|Thunderbolt|p1a: Chinchou
|-immune|p1a: Chinchou|[from] ability: Volt Absorb
|
|-damage|p2a: Broken Dreams Inc.|89/100 brn|[from] brn
|upkeep
|turn|95
|
|t:|1629497387
|move|p1a: Chinchou|Volt Switch|p2a: Broken Dreams Inc.
|-heal|p2a: Broken Dreams Inc.|100/100 brn|[from] ability: Volt Absorb|[of] p1a: Chinchou
|move|p2a: Broken Dreams Inc.|Thunder Wave|p1a: Chinchou
|-immune|p1a: Chinchou|[from] ability: Volt Absorb
|
|-damage|p2a: Broken Dreams Inc.|89/100 brn|[from] brn
|upkeep
|turn|96
|
|t:|1629497391
|move|p1a: Chinchou|Volt Switch|p2a: Broken Dreams Inc.
|-heal|p2a: Broken Dreams Inc.|100/100 brn|[from] ability: Volt Absorb|[of] p1a: Chinchou
|move|p2a: Broken Dreams Inc.|Thunderbolt|p1a: Chinchou
|-immune|p1a: Chinchou|[from] ability: Volt Absorb
|
|-damage|p2a: Broken Dreams Inc.|89/100 brn|[from] brn
|upkeep
|turn|97
|c|☆femboy tsb|if i played this correctly we wouldnt be getting this rn
|c|☆femboy tsb|so my team should actually be elated
|
|t:|1629497408
|move|p1a: Chinchou|Volt Switch|p2a: Broken Dreams Inc.
|-heal|p2a: Broken Dreams Inc.|100/100 brn|[from] ability: Volt Absorb|[of] p1a: Chinchou
|move|p2a: Broken Dreams Inc.|Thunder Wave|p1a: Chinchou
|-immune|p1a: Chinchou|[from] ability: Volt Absorb
|
|-damage|p2a: Broken Dreams Inc.|89/100 brn|[from] brn
|upkeep
|turn|98
|
|t:|1629497417
|move|p1a: Chinchou|Volt Switch|p2a: Broken Dreams Inc.
|-heal|p2a: Broken Dreams Inc.|100/100 brn|[from] ability: Volt Absorb|[of] p1a: Chinchou
|move|p2a: Broken Dreams Inc.|Thunderbolt|p1a: Chinchou
|-immune|p1a: Chinchou|[from] ability: Volt Absorb
|
|-damage|p2a: Broken Dreams Inc.|89/100 brn|[from] brn
|upkeep
|turn|99
|
|t:|1629497425
|move|p1a: Chinchou|Volt Switch|p2a: Broken Dreams Inc.
|-heal|p2a: Broken Dreams Inc.|100/100 brn|[from] ability: Volt Absorb|[of] p1a: Chinchou
|move|p2a: Broken Dreams Inc.|Thunder Wave|p1a: Chinchou
|-immune|p1a: Chinchou|[from] ability: Volt Absorb
|
|-damage|p2a: Broken Dreams Inc.|89/100 brn|[from] brn
|upkeep
|turn|100
|
|t:|1629497434
|move|p1a: Chinchou|Volt Switch|p2a: Broken Dreams Inc.
|-heal|p2a: Broken Dreams Inc.|100/100 brn|[from] ability: Volt Absorb|[of] p1a: Chinchou
|move|p2a: Broken Dreams Inc.|Thunder Wave|p1a: Chinchou
|-immune|p1a: Chinchou|[from] ability: Volt Absorb
|
|-damage|p2a: Broken Dreams Inc.|89/100 brn|[from] brn
|upkeep
|turn|101
|
|t:|1629497437
|move|p1a: Chinchou|Volt Switch|p2a: Broken Dreams Inc.
|-heal|p2a: Broken Dreams Inc.|100/100 brn|[from] ability: Volt Absorb|[of] p1a: Chinchou
|move|p2a: Broken Dreams Inc.|Thunderbolt|p1a: Chinchou
|-immune|p1a: Chinchou|[from] ability: Volt Absorb
|
|-damage|p2a: Broken Dreams Inc.|89/100 brn|[from] brn
|upkeep
|turn|102
|
|t:|1629497440
|move|p1a: Chinchou|Volt Switch|p2a: Broken Dreams Inc.
|-heal|p2a: Broken Dreams Inc.|100/100 brn|[from] ability: Volt Absorb|[of] p1a: Chinchou
|move|p2a: Broken Dreams Inc.|Thunderbolt|p1a: Chinchou
|-immune|p1a: Chinchou|[from] ability: Volt Absorb
|
|-damage|p2a: Broken Dreams Inc.|89/100 brn|[from] brn
|upkeep
|turn|103
|
|t:|1629497442
|move|p1a: Chinchou|Volt Switch|p2a: Broken Dreams Inc.
|-heal|p2a: Broken Dreams Inc.|100/100 brn|[from] ability: Volt Absorb|[of] p1a: Chinchou
|move|p2a: Broken Dreams Inc.|Thunderbolt|p1a: Chinchou
|-immune|p1a: Chinchou|[from] ability: Volt Absorb
|
|-damage|p2a: Broken Dreams Inc.|89/100 brn|[from] brn
|upkeep
|turn|104
|
|t:|1629497445
|move|p1a: Chinchou|Volt Switch|p2a: Broken Dreams Inc.
|-heal|p2a: Broken Dreams Inc.|100/100 brn|[from] ability: Volt Absorb|[of] p1a: Chinchou
|move|p2a: Broken Dreams Inc.|Thunderbolt|p1a: Chinchou
|-immune|p1a: Chinchou|[from] ability: Volt Absorb
|
|-damage|p2a: Broken Dreams Inc.|89/100 brn|[from] brn
|upkeep
|turn|105
|
|t:|1629497447
|move|p1a: Chinchou|Volt Switch|p2a: Broken Dreams Inc.
|-heal|p2a: Broken Dreams Inc.|100/100 brn|[from] ability: Volt Absorb|[of] p1a: Chinchou
|move|p2a: Broken Dreams Inc.|Thunderbolt|p1a: Chinchou
|-immune|p1a: Chinchou|[from] ability: Volt Absorb
|
|-damage|p2a: Broken Dreams Inc.|89/100 brn|[from] brn
|upkeep
|turn|106
|
|t:|1629497450
|move|p1a: Chinchou|Volt Switch|p2a: Broken Dreams Inc.
|-heal|p2a: Broken Dreams Inc.|100/100 brn|[from] ability: Volt Absorb|[of] p1a: Chinchou
|move|p2a: Broken Dreams Inc.|Thunderbolt|p1a: Chinchou
|-immune|p1a: Chinchou|[from] ability: Volt Absorb
|
|-damage|p2a: Broken Dreams Inc.|89/100 brn|[from] brn
|upkeep
|turn|107
|
|t:|1629497453
|move|p1a: Chinchou|Volt Switch|p2a: Broken Dreams Inc.
|-heal|p2a: Broken Dreams Inc.|100/100 brn|[from] ability: Volt Absorb|[of] p1a: Chinchou
|move|p2a: Broken Dreams Inc.|Thunderbolt|p1a: Chinchou
|-immune|p1a: Chinchou|[from] ability: Volt Absorb
|
|-damage|p2a: Broken Dreams Inc.|89/100 brn|[from] brn
|upkeep
|turn|108
|
|t:|1629497463
|move|p1a: Chinchou|Volt Switch|p2a: Broken Dreams Inc.
|-heal|p2a: Broken Dreams Inc.|100/100 brn|[from] ability: Volt Absorb|[of] p1a: Chinchou
|move|p2a: Broken Dreams Inc.|Recover||[still]
|-fail|p2a: Broken Dreams Inc.|heal
|
|-damage|p2a: Broken Dreams Inc.|89/100 brn|[from] brn
|upkeep
|turn|109
|
|t:|1629497469
|move|p1a: Chinchou|Volt Switch|p2a: Broken Dreams Inc.
|-heal|p2a: Broken Dreams Inc.|100/100 brn|[from] ability: Volt Absorb|[of] p1a: Chinchou
|move|p2a: Broken Dreams Inc.|Recover||[still]
|-fail|p2a: Broken Dreams Inc.|heal
|
|-damage|p2a: Broken Dreams Inc.|89/100 brn|[from] brn
|upkeep
|turn|110
|
|t:|1629497476
|switch|p2a: Savior|Magnemite, L5|58/100
|-damage|p2a: Savior|53/100|[from] Stealth Rock
|move|p1a: Chinchou|Volt Switch|p2a: Savior
|-resisted|p2a: Savior
|-damage|p2a: Savior|32/100
|
|upkeep
|turn|111
|
|t:|1629497482
|move|p2a: Savior|Thunderbolt|p1a: Chinchou
|-immune|p1a: Chinchou|[from] ability: Volt Absorb
|move|p1a: Chinchou|Volt Switch|p2a: Savior
|-resisted|p2a: Savior
|-damage|p2a: Savior|11/100
|
|upkeep
|turn|112
|
|t:|1629497487
|switch|p2a: The Dirt Whispered|Timburr, L5, F|36/100
|-damage|p2a: The Dirt Whispered|32/100|[from] Stealth Rock
|move|p1a: Chinchou|Rest|p1a: Chinchou
|-fail|p1a: Chinchou|heal
|
|upkeep
|turn|113
|c|☆Tack is a Nerd|gg
|
|t:|1629497492
|move|p1a: Chinchou|Rest|p1a: Chinchou
|-fail|p1a: Chinchou|heal
|move|p2a: The Dirt Whispered|Drain Punch|p1a: Chinchou
|-damage|p1a: Chinchou|60/100
|-heal|p2a: The Dirt Whispered|52/100|[from] drain|[of] p1a: Chinchou
|
|upkeep
|turn|114
|c|☆femboy tsb|gg
|
|t:|1629497496
|move|p1a: Chinchou|Rest|p1a: Chinchou
|-status|p1a: Chinchou|slp|[from] move: Rest
|-heal|p1a: Chinchou|100/100 slp|[silent]
|move|p2a: The Dirt Whispered|Drain Punch|p1a: Chinchou
|-damage|p1a: Chinchou|52/100 slp
|-heal|p2a: The Dirt Whispered|76/100|[from] drain|[of] p1a: Chinchou
|
|upkeep
|turn|115
|
|t:|1629497499
|cant|p1a: Chinchou|slp
|move|p2a: The Dirt Whispered|Drain Punch|p1a: Chinchou
|-damage|p1a: Chinchou|4/100 slp
|-heal|p2a: The Dirt Whispered|100/100|[from] drain|[of] p1a: Chinchou
|
|upkeep
|turn|116
|
|t:|1629497504
|move|p2a: The Dirt Whispered|Mach Punch|p1a: Chinchou
|-damage|p1a: Chinchou|0 fnt
|faint|p1a: Chinchou
|
|win|Tack is a Nerd
|c|+Coalette|egirls 2 non egirls 0
|c|+Coalette|we're broken gwen
|c|☆Tack is a Nerd|fr
