|inactive|Battle timer is ON: inactive players will automatically lose when time's up.
|t:|1644078316
|gametype|singles
|player|p1|gilbert arenas|#splxiiityrants|
|player|p2|THE PDC SHOW|#splxiiityrants|
|teamsize|p1|6
|teamsize|p2|6
|gen|5
|tier|[Gen 5] OU
|rule|Species Clause: Limit one of each Pokémon
|rule|OHKO Clause: OHKO moves are banned
|rule|Moody Clause: Moody is banned
|rule|Evasion Moves Clause: Evasion moves are banned
|rule|Endless Battle Clause: Forcing endless battles is banned
|rule|HP Percentage Mod: HP is shown in percentages
|rule|Evasion Abilities Clause: Evasion abilities are banned
|rule|Sleep Clause: Sleep-inducing moves are banned
|rule|Swagger Clause: Swagger is banned
|clearpoke
|poke|p1|Sableye, M|item
|poke|p1|Excadrill, M|item
|poke|p1|Ferrothorn, F|item
|poke|p1|Gyarados, M|item
|poke|p1|Latias, F|item
|poke|p1|Terrakion|item
|poke|p2|Politoed, F|item
|poke|p2|Thundurus-Therian, M|item
|poke|p2|Ferrothorn, M|item
|poke|p2|Tentacruel, M|item
|poke|p2|Keldeo|item
|poke|p2|Cloyster, M|item
|teampreview
|
|t:|1644078342
|start
|switch|p1a: Uberkion|Terrakion|100/100
|switch|p2a: Politoed|Politoed, F|100/100
|-weather|RainDance|[from] ability: Drizzle|[of] p2a: Politoed
|turn|1
|
|t:|1644078362
|switch|p1a: Furia Roja|Gyarados, M, shiny|100/100
|-ability|p1a: Furia Roja|Intimidate|boost
|-unboost|p2a: Politoed|atk|1
|move|p2a: Politoed|Scald|p1a: Furia Roja
|-resisted|p1a: Furia Roja
|-damage|p1a: Furia Roja|84/100
|
|-weather|RainDance|[upkeep]
|-heal|p1a: Furia Roja|90/100|[from] item: Leftovers
|upkeep
|turn|2
|
|t:|1644078379
|switch|p1a: Irene Noren|Ferrothorn, F|100/100
|move|p2a: Politoed|Encore||[still]
|-fail|p2a: Politoed
|
|-weather|RainDance|[upkeep]
|upkeep
|turn|3
|
|t:|1644078386
|move|p2a: Politoed|Scald|p1a: Irene Noren
|-resisted|p1a: Irene Noren
|-damage|p1a: Irene Noren|87/100
|move|p1a: Irene Noren|Spikes|p2a: Politoed
|-sidestart|p2: THE PDC SHOW|Spikes
|
|-weather|RainDance|[upkeep]
|-heal|p1a: Irene Noren|93/100|[from] item: Leftovers
|upkeep
|turn|4
|
|t:|1644078394
|move|p2a: Politoed|Scald|p1a: Irene Noren
|-resisted|p1a: Irene Noren
|-damage|p1a: Irene Noren|79/100
|move|p1a: Irene Noren|Leech Seed|p2a: Politoed
|-start|p2a: Politoed|move: Leech Seed
|
|-weather|RainDance|[upkeep]
|-heal|p1a: Irene Noren|85/100|[from] item: Leftovers
|-damage|p2a: Politoed|88/100|[from] Leech Seed|[of] p1a: Irene Noren
|-heal|p1a: Irene Noren|99/100|[silent]
|upkeep
|turn|5
|
|t:|1644078401
|switch|p2a: Tentacruel|Tentacruel, M|100/100
|-damage|p2a: Tentacruel|88/100|[from] Spikes
|switch|p1a: Furia Roja|Gyarados, M, shiny|90/100
|-ability|p1a: Furia Roja|Intimidate|boost
|-unboost|p2a: Tentacruel|atk|1
|
|-weather|RainDance|[upkeep]
|-heal|p2a: Tentacruel|94/100|[from] ability: Rain Dish
|-heal|p2a: Tentacruel|99/100|[from] item: Black Sludge
|-heal|p1a: Furia Roja|96/100|[from] item: Leftovers
|upkeep
|turn|6
|
|t:|1644078407
|move|p2a: Tentacruel|Knock Off|p1a: Furia Roja
|-damage|p1a: Furia Roja|94/100
|-enditem|p1a: Furia Roja|Leftovers|[from] move: Knock Off|[of] p2a: Tentacruel
|move|p1a: Furia Roja|Waterfall|p2a: Tentacruel
|-resisted|p2a: Tentacruel
|-damage|p2a: Tentacruel|72/100
|
|-weather|RainDance|[upkeep]
|-heal|p2a: Tentacruel|78/100|[from] ability: Rain Dish
|-heal|p2a: Tentacruel|84/100|[from] item: Black Sludge
|upkeep
|turn|7
|
|t:|1644078413
|switch|p1a: Sabletroll|Sableye, M|100/100
|move|p2a: Tentacruel|Scald|p1a: Sabletroll
|-damage|p1a: Sabletroll|62/100
|-status|p1a: Sabletroll|brn
|
|-weather|RainDance|[upkeep]
|-heal|p2a: Tentacruel|90/100|[from] ability: Rain Dish
|-heal|p2a: Tentacruel|96/100|[from] item: Black Sludge
|-heal|p1a: Sabletroll|68/100 brn|[from] item: Leftovers
|-damage|p1a: Sabletroll|56/100 brn|[from] brn
|upkeep
|turn|8
|
|t:|1644078422
|move|p2a: Tentacruel|Protect|p2a: Tentacruel
|-singleturn|p2a: Tentacruel|Protect
|move|p1a: Sabletroll|Recover|p1a: Sabletroll
|-heal|p1a: Sabletroll|100/100 brn
|
|-weather|RainDance|[upkeep]
|-heal|p2a: Tentacruel|100/100|[from] ability: Rain Dish
|-damage|p1a: Sabletroll|88/100 brn|[from] brn
|upkeep
|turn|9
|
|t:|1644078428
|switch|p2a: Politoed|Politoed, F|88/100
|-damage|p2a: Politoed|75/100|[from] Spikes
|move|p1a: Sabletroll|Will-O-Wisp|p2a: Politoed
|-status|p2a: Politoed|brn
|
|-weather|RainDance|[upkeep]
|-heal|p2a: Politoed|82/100 brn|[from] item: Leftovers
|-heal|p1a: Sabletroll|94/100 brn|[from] item: Leftovers
|-damage|p2a: Politoed|69/100 brn|[from] brn
|-damage|p1a: Sabletroll|82/100 brn|[from] brn
|upkeep
|turn|10
|
|t:|1644078431
|move|p1a: Sabletroll|Taunt|p2a: Politoed
|-start|p2a: Politoed|move: Taunt
|move|p2a: Politoed|Scald|p1a: Sabletroll
|-damage|p1a: Sabletroll|45/100 brn
|
|-weather|RainDance|[upkeep]
|-heal|p2a: Politoed|75/100 brn|[from] item: Leftovers
|-heal|p1a: Sabletroll|51/100 brn|[from] item: Leftovers
|-damage|p2a: Politoed|63/100 brn|[from] brn
|-damage|p1a: Sabletroll|39/100 brn|[from] brn
|upkeep
|turn|11
|
|t:|1644078442
|move|p1a: Sabletroll|Recover|p1a: Sabletroll
|-heal|p1a: Sabletroll|89/100 brn
|move|p2a: Politoed|Scald|p1a: Sabletroll
|-damage|p1a: Sabletroll|51/100 brn
|
|-weather|RainDance|[upkeep]
|-heal|p2a: Politoed|69/100 brn|[from] item: Leftovers
|-heal|p1a: Sabletroll|57/100 brn|[from] item: Leftovers
|-damage|p2a: Politoed|57/100 brn|[from] brn
|-damage|p1a: Sabletroll|45/100 brn|[from] brn
|upkeep
|turn|12
|
|t:|1644078447
|move|p1a: Sabletroll|Recover|p1a: Sabletroll
|-heal|p1a: Sabletroll|95/100 brn
|move|p2a: Politoed|Scald|p1a: Sabletroll
|-damage|p1a: Sabletroll|52/100 brn
|
|-weather|RainDance|[upkeep]
|-heal|p2a: Politoed|63/100 brn|[from] item: Leftovers
|-heal|p1a: Sabletroll|59/100 brn|[from] item: Leftovers
|-damage|p2a: Politoed|50/100 brn|[from] brn
|-damage|p1a: Sabletroll|46/100 brn|[from] brn
|-end|p2a: Politoed|move: Taunt
|upkeep
|turn|13
|
|t:|1644078451
|move|p1a: Sabletroll|Recover|p1a: Sabletroll
|-heal|p1a: Sabletroll|96/100 brn
|move|p2a: Politoed|Scald|p1a: Sabletroll
|-damage|p1a: Sabletroll|56/100 brn
|
|-weather|RainDance|[upkeep]
|-heal|p2a: Politoed|57/100 brn|[from] item: Leftovers
|-heal|p1a: Sabletroll|62/100 brn|[from] item: Leftovers
|-damage|p2a: Politoed|44/100 brn|[from] brn
|-damage|p1a: Sabletroll|50/100 brn|[from] brn
|upkeep
|turn|14
|
|t:|1644078454
|move|p1a: Sabletroll|Recover|p1a: Sabletroll
|-heal|p1a: Sabletroll|99/100 brn
|move|p2a: Politoed|Scald|p1a: Sabletroll
|-crit|p1a: Sabletroll
|-damage|p1a: Sabletroll|17/100 brn
|
|-weather|RainDance|[upkeep]
|-heal|p2a: Politoed|50/100 brn|[from] item: Leftovers
|-heal|p1a: Sabletroll|23/100 brn|[from] item: Leftovers
|-damage|p2a: Politoed|38/100 brn|[from] brn
|-damage|p1a: Sabletroll|10/100 brn|[from] brn
|upkeep
|turn|15
|
|t:|1644078462
|switch|p2a: Keldeo|Keldeo|100/100
|-damage|p2a: Keldeo|88/100|[from] Spikes
|move|p1a: Sabletroll|Recover|p1a: Sabletroll
|-heal|p1a: Sabletroll|60/100 brn
|
|-weather|RainDance|[upkeep]
|-heal|p1a: Sabletroll|67/100 brn|[from] item: Leftovers
|-damage|p1a: Sabletroll|54/100 brn|[from] brn
|upkeep
|turn|16
|
|t:|1644078470
|switch|p2a: Tentacruel|Tentacruel, M|100/100
|-damage|p2a: Tentacruel|88/100|[from] Spikes
|switch|p1a: Furia Roja|Gyarados, M, shiny|94/100
|-ability|p1a: Furia Roja|Intimidate|boost
|-unboost|p2a: Tentacruel|atk|1
|
|-weather|RainDance|[upkeep]
|-heal|p2a: Tentacruel|94/100|[from] ability: Rain Dish
|-heal|p2a: Tentacruel|99/100|[from] item: Black Sludge
|upkeep
|turn|17
|c|+Nalorium|why the nicks suggest eeveeto 101
|
|t:|1644078479
|move|p2a: Tentacruel|Rapid Spin|p1a: Furia Roja
|-damage|p1a: Furia Roja|93/100
|-sideend|p2: THE PDC SHOW|Spikes|[from] move: Rapid Spin|[of] p2a: Tentacruel
|move|p1a: Furia Roja|Roar|p2a: Tentacruel
|drag|p2a: Thundurus|Thundurus-Therian, M|100/100
|
|-weather|RainDance|[upkeep]
|upkeep
|turn|18
|
|t:|1644078488
|switch|p2a: Cloyster|Cloyster, M|100/100
|switch|p1a: Irene Noren|Ferrothorn, F|99/100
|
|-weather|RainDance|[upkeep]
|-heal|p1a: Irene Noren|100/100|[from] item: Leftovers
|upkeep
|turn|19
|
|t:|1644078497
|switch|p2a: Tentacruel|Tentacruel, M|99/100
|move|p1a: Irene Noren|Gyro Ball|p2a: Tentacruel
|-resisted|p2a: Tentacruel
|-damage|p2a: Tentacruel|72/100
|
|-weather|RainDance|[upkeep]
|-heal|p2a: Tentacruel|78/100|[from] ability: Rain Dish
|-heal|p2a: Tentacruel|85/100|[from] item: Black Sludge
|upkeep
|turn|20
|
|t:|1644078500
|move|p2a: Tentacruel|Scald|p1a: Irene Noren
|-resisted|p1a: Irene Noren
|-damage|p1a: Irene Noren|87/100
|-status|p1a: Irene Noren|brn
|move|p1a: Irene Noren|Leech Seed|p2a: Tentacruel
|-start|p2a: Tentacruel|move: Leech Seed
|
|-weather|RainDance|[upkeep]
|-heal|p2a: Tentacruel|91/100|[from] ability: Rain Dish
|-heal|p2a: Tentacruel|97/100|[from] item: Black Sludge
|-heal|p1a: Irene Noren|93/100 brn|[from] item: Leftovers
|-damage|p2a: Tentacruel|84/100|[from] Leech Seed|[of] p1a: Irene Noren
|-heal|p1a: Irene Noren|100/100 brn|[silent]
|-damage|p1a: Irene Noren|88/100 brn|[from] brn
|upkeep
|turn|21
|
|t:|1644078504
|move|p2a: Tentacruel|Rapid Spin|p1a: Irene Noren
|-resisted|p1a: Irene Noren
|-damage|p1a: Irene Noren|87/100 brn
|-damage|p2a: Tentacruel|72/100|[from] ability: Iron Barbs|[of] p1a: Irene Noren
|-end|p2a: Tentacruel|Leech Seed|[from] move: Rapid Spin|[of] p2a: Tentacruel
|move|p1a: Irene Noren|Knock Off|p2a: Tentacruel
|-damage|p2a: Tentacruel|70/100
|-enditem|p2a: Tentacruel|Black Sludge|[from] move: Knock Off|[of] p1a: Irene Noren
|
|-weather|RainDance|[upkeep]
|-heal|p2a: Tentacruel|76/100|[from] ability: Rain Dish
|-heal|p1a: Irene Noren|93/100 brn|[from] item: Leftovers
|-damage|p1a: Irene Noren|81/100 brn|[from] brn
|upkeep
|turn|22
|
|t:|1644078507
|move|p2a: Tentacruel|Knock Off|p1a: Irene Noren
|-resisted|p1a: Irene Noren
|-damage|p1a: Irene Noren|80/100 brn
|-damage|p2a: Tentacruel|63/100|[from] ability: Iron Barbs|[of] p1a: Irene Noren
|-enditem|p1a: Irene Noren|Leftovers|[from] move: Knock Off|[of] p2a: Tentacruel
|move|p1a: Irene Noren|Spikes|p2a: Tentacruel
|-sidestart|p2: THE PDC SHOW|Spikes
|
|-weather|RainDance|[upkeep]
|-heal|p2a: Tentacruel|69/100|[from] ability: Rain Dish
|-damage|p1a: Irene Noren|67/100 brn|[from] brn
|upkeep
|turn|23
|
|t:|1644078510
|move|p2a: Tentacruel|Protect|p2a: Tentacruel
|-singleturn|p2a: Tentacruel|Protect
|move|p1a: Irene Noren|Leech Seed|p2a: Tentacruel
|-activate|p2a: Tentacruel|move: Protect
|
|-weather|RainDance|[upkeep]
|-heal|p2a: Tentacruel|75/100|[from] ability: Rain Dish
|-damage|p1a: Irene Noren|55/100 brn|[from] brn
|upkeep
|turn|24
|
|t:|1644078514
|switch|p2a: Ferrothorn|Ferrothorn, M|100/100
|-damage|p2a: Ferrothorn|88/100|[from] Spikes
|switch|p1a: Sabletroll|Sableye, M|54/100 brn
|
|-weather|RainDance|[upkeep]
|-heal|p1a: Sabletroll|60/100 brn|[from] item: Leftovers
|-damage|p1a: Sabletroll|48/100 brn|[from] brn
|upkeep
|turn|25
|
|t:|1644078519
|switch|p1a: Sexcadrill|Excadrill, M|100/100
|-ability|p1a: Sexcadrill|Mold Breaker
|move|p2a: Ferrothorn|Power Whip|p1a: Sexcadrill
|-damage|p1a: Sexcadrill|55/100
|
|-weather|RainDance|[upkeep]
|-heal|p1a: Sexcadrill|61/100|[from] item: Leftovers
|upkeep
|turn|26
|
|t:|1644078526
|move|p1a: Sexcadrill|Stealth Rock|p2a: Ferrothorn
|-sidestart|p2: THE PDC SHOW|move: Stealth Rock
|move|p2a: Ferrothorn|Power Whip|p1a: Sexcadrill
|-damage|p1a: Sexcadrill|14/100
|
|-weather|RainDance|[upkeep]
|-heal|p1a: Sexcadrill|20/100|[from] item: Leftovers
|upkeep
|turn|27
|
|t:|1644078532
|move|p1a: Sexcadrill|Earthquake|p2a: Ferrothorn
|-damage|p2a: Ferrothorn|53/100
|move|p2a: Ferrothorn|Power Whip|p1a: Sexcadrill
|-damage|p1a: Sexcadrill|0 fnt
|faint|p1a: Sexcadrill
|
|-weather|RainDance|[upkeep]
|upkeep
|
|t:|1644078537
|switch|p1a: Uberkion|Terrakion|100/100
|turn|28
|
|t:|1644078542
|switch|p2a: Politoed|Politoed, F|38/100 brn
|-damage|p2a: Politoed|25/100 brn|[from] Spikes
|-damage|p2a: Politoed|13/100 brn|[from] Stealth Rock
|move|p1a: Uberkion|Substitute|p1a: Uberkion
|-start|p1a: Uberkion|Substitute
|-damage|p1a: Uberkion|76/100
|
|-weather|RainDance|[upkeep]
|-heal|p2a: Politoed|19/100 brn|[from] item: Leftovers
|-damage|p2a: Politoed|7/100 brn|[from] brn
|upkeep
|turn|29
|
|t:|1644078545
|move|p1a: Uberkion|Close Combat|p2a: Politoed
|-crit|p2a: Politoed
|-damage|p2a: Politoed|0 fnt
|-unboost|p1a: Uberkion|def|1
|-unboost|p1a: Uberkion|spd|1
|faint|p2a: Politoed
|
|-weather|RainDance|[upkeep]
|upkeep
|c|☆THE PDC SHOW|hm
|c|☆THE PDC SHOW|tough
|
|t:|1644078572
|switch|p2a: Keldeo|Keldeo|88/100
|-damage|p2a: Keldeo|82/100|[from] Stealth Rock
|-damage|p2a: Keldeo|70/100|[from] Spikes
|turn|30
|
|t:|1644078577
|move|p2a: Keldeo|Surf|p1a: Uberkion
|-supereffective|p1a: Uberkion
|-end|p1a: Uberkion|Substitute
|move|p1a: Uberkion|Close Combat|p2a: Keldeo
|-damage|p2a: Keldeo|0 fnt
|-unboost|p1a: Uberkion|def|1
|-unboost|p1a: Uberkion|spd|1
|faint|p2a: Keldeo
|
|-weather|RainDance|[upkeep]
|upkeep
|
|t:|1644078582
|switch|p2a: Tentacruel|Tentacruel, M|75/100
|-damage|p2a: Tentacruel|63/100|[from] Stealth Rock
|-damage|p2a: Tentacruel|51/100|[from] Spikes
|turn|31
|
|t:|1644078586
|move|p1a: Uberkion|Stone Edge|p2a: Tentacruel
|-enditem|p1a: Uberkion|Rock Gem|[from] gem
|-damage|p2a: Tentacruel|0 fnt
|faint|p2a: Tentacruel
|
|-weather|RainDance|[upkeep]
|upkeep
|-message|THE PDC SHOW forfeited.
|
|win|gilbert arenas
