|inactive|Battle timer is ON: inactive players will automatically lose when time's up.
|t:|1643133183
|gametype|singles
|player|p1|Lily|#lily|
|player|p2|robjr|lance|
|teamsize|p1|6
|teamsize|p2|6
|gen|5
|tier|[Gen 5] UU
|rule|Species Clause: Limit one of each Pokémon
|rule|OHKO Clause: OHKO moves are banned
|rule|Moody Clause: Moody is banned
|rule|Evasion Moves Clause: Evasion moves are banned
|rule|Endless Battle Clause: Forcing endless battles is banned
|rule|HP Percentage Mod: HP is shown in percentages
|rule|Evasion Abilities Clause: Evasion abilities are banned
|rule|Swagger Clause: Swagger is banned
|rule|Sleep Clause Mod: Limit one foe put to sleep
|clearpoke
|poke|p1|Azelf|item
|poke|p1|Cobalion|item
|poke|p1|Roserade, F|item
|poke|p1|Cofagrigus, M|item
|poke|p1|Krookodile, M|item
|poke|p1|Zapdos|item
|poke|p2|Weavile, F|item
|poke|p2|Cofagrigus, M|item
|poke|p2|Roserade, F|item
|poke|p2|Druddigon, F|item
|poke|p2|Raikou|item
|poke|p2|Flygon, F|item
|teampreview
|c|☆robjr|hf
|c|☆Lily|hf
|inactive|Lily has 270 seconds left.
|inactive|robjr has 270 seconds left.
|inactive|robjr has 240 seconds left.
|
|t:|1643133259
|start
|switch|p1a: Scourge Servants|Azelf|100/100
|switch|p2a: Druddigon|Druddigon, F|100/100
|-ability|p2a: Druddigon|Mold Breaker
|turn|1
|
|t:|1643133262
|move|p1a: Scourge Servants|Psychic|p2a: Druddigon
|-damage|p2a: Druddigon|38/100
|-unboost|p2a: Druddigon|spd|1
|move|p2a: Druddigon|Stealth Rock|p1a: Scourge Servants
|-sidestart|p1: Lily|move: Stealth Rock
|
|upkeep
|turn|2
|inactive|Lily has 270 seconds left.
|inactive|robjr has 270 seconds left.
|
|t:|1643133300
|switch|p2a: Flygon|Flygon, F|100/100
|move|p1a: Scourge Servants|U-turn|p2a: Flygon
|-damage|p2a: Flygon|77/100
|
|t:|1643133315
|switch|p1a: Fly of Beelzebub|Zapdos|100/100|[from]move: U-turn
|-damage|p1a: Fly of Beelzebub|76/100|[from] Stealth Rock
|-ability|p1a: Fly of Beelzebub|Pressure
|
|upkeep
|turn|3
|inactive|robjr has 270 seconds left.
|inactive|robjr has 240 seconds left.
|
|t:|1643133365
|move|p2a: Flygon|U-turn|p1a: Fly of Beelzebub
|-resisted|p1a: Fly of Beelzebub
|-damage|p1a: Fly of Beelzebub|63/100
|inactive|robjr has 240 seconds left.
|
|t:|1643133371
|switch|p2a: Roserade|Roserade, F|100/100|[from]move: U-turn
|move|p1a: Fly of Beelzebub|Heat Wave|p2a: Roserade
|-supereffective|p2a: Roserade
|-damage|p2a: Roserade|34/100
|-damage|p1a: Fly of Beelzebub|53/100|[from] item: Life Orb
|
|-heal|p2a: Roserade|40/100|[from] item: Black Sludge
|upkeep
|turn|4
|
|t:|1643133379
|switch|p2a: Raikou|Raikou|100/100
|-ability|p2a: Raikou|Pressure
|move|p1a: Fly of Beelzebub|Roost|p1a: Fly of Beelzebub
|-heal|p1a: Fly of Beelzebub|100/100
|-singleturn|p1a: Fly of Beelzebub|move: Roost
|
|upkeep
|turn|5
|
|t:|1643133388
|switch|p1a: Toxic Wisdom|Roserade, F|100/100
|-damage|p1a: Toxic Wisdom|88/100|[from] Stealth Rock
|move|p2a: Raikou|Calm Mind|p2a: Raikou
|-boost|p2a: Raikou|spa|1
|-boost|p2a: Raikou|spd|1
|
|-heal|p1a: Toxic Wisdom|94/100|[from] item: Black Sludge
|upkeep
|turn|6
|
|t:|1643133403
|move|p2a: Raikou|Hidden Power|p1a: Toxic Wisdom
|-supereffective|p1a: Toxic Wisdom
|-damage|p1a: Toxic Wisdom|38/100
|move|p1a: Toxic Wisdom|Sludge Bomb|p2a: Raikou
|-damage|p2a: Raikou|74/100
|
|-heal|p2a: Raikou|81/100|[from] item: Leftovers
|-heal|p1a: Toxic Wisdom|44/100|[from] item: Black Sludge
|upkeep
|turn|7
|
|t:|1643133409
|move|p2a: Raikou|Hidden Power|p1a: Toxic Wisdom
|-supereffective|p1a: Toxic Wisdom
|-damage|p1a: Toxic Wisdom|0 fnt
|faint|p1a: Toxic Wisdom
|
|-heal|p2a: Raikou|87/100|[from] item: Leftovers
|upkeep
|
|t:|1643133411
|switch|p1a: Infernal Catharsis|Krookodile, M|100/100
|-damage|p1a: Infernal Catharsis|94/100|[from] Stealth Rock
|-ability|p1a: Infernal Catharsis|Intimidate|boost
|-unboost|p2a: Raikou|atk|1
|turn|8
|
|t:|1643133413
|move|p2a: Raikou|Protect|p2a: Raikou
|-singleturn|p2a: Raikou|Protect
|move|p1a: Infernal Catharsis|Earthquake|p2a: Raikou
|-activate|p2a: Raikou|move: Protect
|
|-heal|p2a: Raikou|93/100|[from] item: Leftovers
|upkeep
|turn|9
|
|t:|1643133417
|switch|p2a: Flygon|Flygon, F|77/100
|move|p1a: Infernal Catharsis|Earthquake|p2a: Flygon
|-immune|p2a: Flygon|[from] ability: Levitate
|
|upkeep
|turn|10
|inactive|robjr has 270 seconds left.
|
|t:|1643133438
|move|p2a: Flygon|U-turn|p1a: Infernal Catharsis
|-supereffective|p1a: Infernal Catharsis
|-damage|p1a: Infernal Catharsis|39/100
|
|t:|1643133443
|switch|p2a: Cofagrigus|Cofagrigus, M|100/100|[from]move: U-turn
|move|p1a: Infernal Catharsis|Earthquake|p2a: Cofagrigus
|-damage|p2a: Cofagrigus|64/100
|
|-heal|p2a: Cofagrigus|70/100|[from] item: Leftovers
|upkeep
|turn|11
|inactive|robjr has 270 seconds left.
|
|t:|1643133452
|switch|p1a: Fly of Beelzebub|Zapdos|100/100
|-damage|p1a: Fly of Beelzebub|76/100|[from] Stealth Rock
|-ability|p1a: Fly of Beelzebub|Pressure
|switch|p2a: Flygon|Flygon, F|77/100
|
|upkeep
|turn|12
|inactive|robjr has 270 seconds left.
|
|t:|1643133463
|move|p2a: Flygon|U-turn|p1a: Fly of Beelzebub
|-resisted|p1a: Fly of Beelzebub
|-damage|p1a: Fly of Beelzebub|64/100
|inactive|robjr has 270 seconds left.
|
|t:|1643133485
|switch|p2a: Roserade|Roserade, F|40/100|[from]move: U-turn
|move|p1a: Fly of Beelzebub|Roost|p1a: Fly of Beelzebub
|-heal|p1a: Fly of Beelzebub|100/100
|-singleturn|p1a: Fly of Beelzebub|move: Roost
|
|-heal|p2a: Roserade|46/100|[from] item: Black Sludge
|upkeep
|turn|13
|
|t:|1643133499
|move|p1a: Fly of Beelzebub|Heat Wave|p2a: Roserade
|-supereffective|p2a: Roserade
|-damage|p2a: Roserade|0 fnt
|faint|p2a: Roserade
|-damage|p1a: Fly of Beelzebub|91/100|[from] item: Life Orb
|
|upkeep
|
|t:|1643133507
|switch|p2a: Raikou|Raikou|93/100
|-ability|p2a: Raikou|Pressure
|turn|14
|
|t:|1643133526
|move|p2a: Raikou|Hidden Power|p1a: Fly of Beelzebub
|-supereffective|p1a: Fly of Beelzebub
|-crit|p1a: Fly of Beelzebub
|-damage|p1a: Fly of Beelzebub|0 fnt
|faint|p1a: Fly of Beelzebub
|
|-heal|p2a: Raikou|99/100|[from] item: Leftovers
|upkeep
|
|t:|1643133531
|switch|p1a: Infernal Catharsis|Krookodile, M|39/100
|-damage|p1a: Infernal Catharsis|33/100|[from] Stealth Rock
|-ability|p1a: Infernal Catharsis|Intimidate|boost
|-unboost|p2a: Raikou|atk|1
|turn|15
|
|t:|1643133534
|move|p2a: Raikou|Protect|p2a: Raikou
|-singleturn|p2a: Raikou|Protect
|move|p1a: Infernal Catharsis|Earthquake|p2a: Raikou
|-activate|p2a: Raikou|move: Protect
|
|-heal|p2a: Raikou|100/100|[from] item: Leftovers
|upkeep
|turn|16
|inactive|robjr has 270 seconds left.
|
|t:|1643133546
|switch|p1a: Universal Collapse|Cobalion|100/100
|-damage|p1a: Universal Collapse|97/100|[from] Stealth Rock
|switch|p2a: Druddigon|Druddigon, F|38/100
|-ability|p2a: Druddigon|Mold Breaker
|
|upkeep
|turn|17
|inactive|robjr has 270 seconds left.
|
|t:|1643133552
|switch|p2a: Cofagrigus|Cofagrigus, M|70/100
|move|p1a: Universal Collapse|Stealth Rock|p2a: Cofagrigus
|-sidestart|p2: robjr|move: Stealth Rock
|
|-heal|p2a: Cofagrigus|76/100|[from] item: Leftovers
|upkeep
|turn|18
|
|t:|1643133560
|move|p1a: Universal Collapse|Swords Dance|p1a: Universal Collapse
|-boost|p1a: Universal Collapse|atk|2
|move|p2a: Cofagrigus|Shadow Ball|p1a: Universal Collapse
|-resisted|p1a: Universal Collapse
|-damage|p1a: Universal Collapse|71/100
|
|-heal|p2a: Cofagrigus|82/100|[from] item: Leftovers
|upkeep
|turn|19
|
|t:|1643133563
|move|p1a: Universal Collapse|Stone Edge|p2a: Cofagrigus
|-damage|p2a: Cofagrigus|43/100
|move|p2a: Cofagrigus|Hidden Power|p1a: Universal Collapse
|-supereffective|p1a: Universal Collapse
|-damage|p1a: Universal Collapse|12/100
|
|-heal|p2a: Cofagrigus|49/100|[from] item: Leftovers
|upkeep
|turn|20
|
|t:|1643133566
|move|p1a: Universal Collapse|Stone Edge|p2a: Cofagrigus
|-damage|p2a: Cofagrigus|7/100
|move|p2a: Cofagrigus|Hidden Power|p1a: Universal Collapse
|-supereffective|p1a: Universal Collapse
|-damage|p1a: Universal Collapse|0 fnt
|faint|p1a: Universal Collapse
|
|-heal|p2a: Cofagrigus|13/100|[from] item: Leftovers
|upkeep
|
|t:|1643133576
|switch|p1a: Step Below Hell|Cofagrigus, M|100/100
|-damage|p1a: Step Below Hell|88/100|[from] Stealth Rock
|turn|21
|
|t:|1643133582
|move|p1a: Step Below Hell|Shadow Ball|p2a: Cofagrigus
|-supereffective|p2a: Cofagrigus
|-damage|p2a: Cofagrigus|0 fnt
|faint|p2a: Cofagrigus
|
|-heal|p1a: Step Below Hell|94/100|[from] item: Leftovers
|upkeep
|
|t:|1643133596
|switch|p2a: Druddigon|Druddigon, F|38/100
|-damage|p2a: Druddigon|26/100|[from] Stealth Rock
|-ability|p2a: Druddigon|Mold Breaker
|turn|22
|
|t:|1643133603
|switch|p1a: Infernal Catharsis|Krookodile, M|33/100
|-damage|p1a: Infernal Catharsis|27/100|[from] Stealth Rock
|-ability|p1a: Infernal Catharsis|Intimidate|boost
|-unboost|p2a: Druddigon|atk|1
|move|p2a: Druddigon|Outrage|p1a: Infernal Catharsis
|-enditem|p2a: Druddigon|Dragon Gem|[from] gem
|-crit|p1a: Infernal Catharsis
|-damage|p1a: Infernal Catharsis|0 fnt
|faint|p1a: Infernal Catharsis
|
|upkeep
|
|t:|1643133627
|switch|p1a: Step Below Hell|Cofagrigus, M|94/100
|-damage|p1a: Step Below Hell|82/100|[from] Stealth Rock
|turn|23
|
|t:|1643133631
|move|p2a: Druddigon|Outrage|p1a: Step Below Hell|[from]lockedmove
|-damage|p1a: Step Below Hell|51/100
|-activate|p1a: Step Below Hell|ability: Mummy|Mold Breaker|[of] p2a: Druddigon
|-start|p2a: Druddigon|confusion|[fatigue]
|move|p1a: Step Below Hell|Nasty Plot|p1a: Step Below Hell
|-boost|p1a: Step Below Hell|spa|2
|
|-heal|p1a: Step Below Hell|57/100|[from] item: Leftovers
|upkeep
|turn|24
|
|t:|1643133655
|switch|p2a: Raikou|Raikou|100/100
|-damage|p2a: Raikou|88/100|[from] Stealth Rock
|-ability|p2a: Raikou|Pressure
|move|p1a: Step Below Hell|Trick Room|p1a: Step Below Hell
|-fieldstart|move: Trick Room|[of] p1a: Step Below Hell
|
|-heal|p1a: Step Below Hell|63/100|[from] item: Leftovers
|-heal|p2a: Raikou|94/100|[from] item: Leftovers
|upkeep
|turn|25
|
|t:|1643133665
|move|p1a: Step Below Hell|Shadow Ball|p2a: Raikou
|-damage|p2a: Raikou|12/100
|move|p2a: Raikou|Thunderbolt|p1a: Step Below Hell
|-damage|p1a: Step Below Hell|19/100
|
|-heal|p1a: Step Below Hell|25/100|[from] item: Leftovers
|-heal|p2a: Raikou|18/100|[from] item: Leftovers
|upkeep
|turn|26
|
|t:|1643133672
|move|p1a: Step Below Hell|Shadow Ball|p2a: Raikou
|-damage|p2a: Raikou|0 fnt
|faint|p2a: Raikou
|
|-heal|p1a: Step Below Hell|31/100|[from] item: Leftovers
|upkeep
|
|t:|1643133674
|switch|p2a: Druddigon|Druddigon, F|26/100
|-damage|p2a: Druddigon|14/100|[from] Stealth Rock
|-ability|p2a: Druddigon|Mold Breaker
|turn|27
|
|t:|1643133684
|move|p2a: Druddigon|Sucker Punch|p1a: Step Below Hell
|-supereffective|p1a: Step Below Hell
|-damage|p1a: Step Below Hell|0 fnt
|-activate|p1a: Step Below Hell|ability: Mummy|Mold Breaker|[of] p2a: Druddigon
|faint|p1a: Step Below Hell
|
|upkeep
|
|t:|1643133687
|switch|p1a: Scourge Servants|Azelf|100/100
|-damage|p1a: Scourge Servants|88/100|[from] Stealth Rock
|turn|28
|
|t:|1643133689
|move|p2a: Druddigon|Outrage|p1a: Scourge Servants
|-damage|p1a: Scourge Servants|0 fnt
|faint|p1a: Scourge Servants
|
|win|robjr
|c|☆Lily|gg
|c|☆robjr|gg
