|inactive|Battle timer is ON: inactive players will automatically lose when time's up.
|t:|1644095445
|gametype|singles
|player|p1|gilbert arenas|#splxiiityrants|
|player|p2|mael|#splxiiibigs|
|teamsize|p1|6
|teamsize|p2|6
|gen|5
|tier|[Gen 5] OU
|rule|Species Clause: Limit one of each Pokémon
|rule|OHKO Clause: OHKO moves are banned
|rule|Moody Clause: Moody is banned
|rule|Evasion Moves Clause: Evasion moves are banned
|rule|Endless Battle Clause: Forcing endless battles is banned
|rule|HP Percentage Mod: HP is shown in percentages
|rule|Evasion Abilities Clause: Evasion abilities are banned
|rule|Sleep Clause: Sleep-inducing moves are banned
|rule|Swagger Clause: Swagger is banned
|clearpoke
|poke|p1|Tyranitar, M|item
|poke|p1|Gliscor, M|item
|poke|p1|Reuniclus, M|item
|poke|p1|Skarmory, M|item
|poke|p1|Gastrodon-East, M|item
|poke|p1|Alakazam, M|item
|poke|p2|Breloom, M|item
|poke|p2|Rotom-Wash|item
|poke|p2|Landorus-Therian, M|item
|poke|p2|Jirachi|item
|poke|p2|Latios, M|item
|poke|p2|Magnezone|item
|teampreview
|inactive|mael also wants the timer to be on.
|c|☆gilbert arenas|hf
|
|t:|1644095466
|start
|switch|p1a: Gliscor|Gliscor, M|100/100
|switch|p2a: Magnezone|Magnezone, shiny|100/100
|-item|p2a: Magnezone|Air Balloon
|turn|1
|
|t:|1644095473
|switch|p2a: Rotom|Rotom-Wash, shiny|100/100
|move|p1a: Gliscor|Stealth Rock|p2a: Rotom
|-sidestart|p2: mael|move: Stealth Rock
|
|-status|p1a: Gliscor|tox|[from] item: Toxic Orb
|upkeep
|turn|2
|
|t:|1644095480
|move|p2a: Rotom|Trick|p1a: Gliscor
|-activate|p2a: Rotom|move: Trick|[of] p1a: Gliscor
|-item|p1a: Gliscor|Choice Scarf|[from] move: Trick
|-item|p2a: Rotom|Toxic Orb|[from] move: Trick
|move|p1a: Gliscor|U-turn|p2a: Rotom
|-damage|p2a: Rotom|79/100
|inactive|gilbert arenas has 270 seconds left.
|
|t:|1644095513
|switch|p1a: Tyranitar|Tyranitar, M|100/100|[from]move: U-turn
|-weather|Sandstorm|[from] ability: Sand Stream|[of] p1a: Tyranitar
|
|-weather|Sandstorm|[upkeep]
|-damage|p2a: Rotom|73/100|[from] Sandstorm
|-status|p2a: Rotom|tox|[from] item: Toxic Orb
|upkeep
|turn|3
|inactive|gilbert arenas has 270 seconds left.
|
|t:|1644095528
|switch|p1a: Gliscor|Gliscor, M|100/100 tox
|move|p2a: Rotom|Trick|p1a: Gliscor
|-activate|p2a: Rotom|move: Trick|[of] p1a: Gliscor
|-item|p1a: Gliscor|Toxic Orb|[from] move: Trick
|-item|p2a: Rotom|Choice Scarf|[from] move: Trick
|
|-weather|Sandstorm|[upkeep]
|-damage|p2a: Rotom|67/100 tox|[from] Sandstorm
|-damage|p2a: Rotom|61/100 tox|[from] psn
|upkeep
|turn|4
|
|t:|1644095536
|move|p1a: Gliscor|Protect|p1a: Gliscor
|-singleturn|p1a: Gliscor|Protect
|move|p2a: Rotom|Trick|p1a: Gliscor
|-activate|p1a: Gliscor|move: Protect
|
|-weather|Sandstorm|[upkeep]
|-damage|p2a: Rotom|55/100 tox|[from] Sandstorm
|-damage|p2a: Rotom|44/100 tox|[from] psn
|upkeep
|turn|5
|
|t:|1644095541
|switch|p1a: Tyranitar|Tyranitar, M|100/100
|move|p2a: Rotom|Trick|p1a: Tyranitar
|-activate|p2a: Rotom|move: Trick|[of] p1a: Tyranitar
|-item|p1a: Tyranitar|Choice Scarf|[from] move: Trick
|-item|p2a: Rotom|Choice Scarf|[from] move: Trick
|
|-weather|Sandstorm|[upkeep]
|-damage|p2a: Rotom|38/100 tox|[from] Sandstorm
|-damage|p2a: Rotom|20/100 tox|[from] psn
|upkeep
|turn|6
|c|☆gilbert arenas|are u still
|c|☆gilbert arenas|choice locked?
|inactive|gilbert arenas has 270 seconds left.
|
|t:|1644095576
|move|p2a: Rotom|Will-O-Wisp|p1a: Tyranitar
|-status|p1a: Tyranitar|brn
|move|p1a: Tyranitar|Crunch|p2a: Rotom
|-damage|p2a: Rotom|0 fnt
|faint|p2a: Rotom
|
|-weather|Sandstorm|[upkeep]
|-damage|p1a: Tyranitar|88/100 brn|[from] brn
|upkeep
|
|t:|1644095584
|switch|p2a: Breloom|Breloom, M, shiny|100/100
|-damage|p2a: Breloom|94/100|[from] Stealth Rock
|turn|7
|
|t:|1644095587
|switch|p1a: Gliscor|Gliscor, M|100/100 tox
|move|p2a: Breloom|Bullet Seed|p1a: Gliscor
|-damage|p1a: Gliscor|73/100 tox
|-damage|p1a: Gliscor|49/100 tox
|-damage|p1a: Gliscor|23/100 tox
|-hitcount|p1a: Gliscor|3
|
|-weather|Sandstorm|[upkeep]
|-damage|p2a: Breloom|88/100|[from] Sandstorm
|-heal|p1a: Gliscor|36/100 tox|[from] ability: Poison Heal
|upkeep
|turn|8
|
|t:|1644095597
|switch|p2a: Landorus|Landorus-Therian, M, shiny|100/100
|-damage|p2a: Landorus|88/100|[from] Stealth Rock
|-ability|p2a: Landorus|Intimidate|boost
|-unboost|p1a: Gliscor|atk|1
|move|p1a: Gliscor|Protect||[still]
|-fail|p1a: Gliscor
|
|-weather|Sandstorm|[upkeep]
|-heal|p2a: Landorus|94/100|[from] item: Leftovers
|-heal|p1a: Gliscor|48/100 tox|[from] ability: Poison Heal
|upkeep
|turn|9
|
|t:|1644095603
|switch|p1a: Skarmory|Skarmory, M|100/100
|move|p2a: Landorus|Stealth Rock|p1a: Skarmory
|-sidestart|p1: gilbert arenas|move: Stealth Rock
|
|-weather|Sandstorm|[upkeep]
|-heal|p2a: Landorus|100/100|[from] item: Leftovers
|upkeep
|turn|10
|
|t:|1644095606
|move|p2a: Landorus|U-turn|p1a: Skarmory
|-resisted|p1a: Skarmory
|-damage|p1a: Skarmory|97/100
|
|t:|1644095608
|switch|p2a: Magnezone|Magnezone, shiny|100/100|[from]move: U-turn
|-damage|p2a: Magnezone|94/100|[from] Stealth Rock
|-item|p2a: Magnezone|Air Balloon
|move|p1a: Skarmory|Spikes|p2a: Magnezone
|-sidestart|p2: mael|Spikes
|
|-weather|Sandstorm|[upkeep]
|-heal|p1a: Skarmory|100/100|[from] item: Leftovers
|upkeep
|turn|11
|
|t:|1644095615
|move|p2a: Magnezone|Thunderbolt|p1a: Skarmory
|-supereffective|p1a: Skarmory
|-damage|p1a: Skarmory|6/100
|move|p1a: Skarmory|Whirlwind|p2a: Magnezone
|drag|p2a: Breloom|Breloom, M, shiny|88/100
|-damage|p2a: Breloom|82/100|[from] Stealth Rock
|-damage|p2a: Breloom|70/100|[from] Spikes
|
|-weather|Sandstorm|[upkeep]
|-damage|p2a: Breloom|64/100|[from] Sandstorm
|-heal|p1a: Skarmory|12/100|[from] item: Leftovers
|upkeep
|turn|12
|
|t:|1644095621
|move|p2a: Breloom|Bullet Seed|p1a: Skarmory
|-resisted|p1a: Skarmory
|-damage|p1a: Skarmory|7/100
|-resisted|p1a: Skarmory
|-damage|p1a: Skarmory|0 fnt
|faint|p1a: Skarmory
|-hitcount|p1: Skarmory|2
|
|-weather|Sandstorm|[upkeep]
|-damage|p2a: Breloom|58/100|[from] Sandstorm
|upkeep
|
|t:|1644095626
|switch|p1a: Alakazam|Alakazam, M|100/100
|turn|13
|
|t:|1644095633
|switch|p2a: Magnezone|Magnezone, shiny|94/100
|-damage|p2a: Magnezone|88/100|[from] Stealth Rock
|-item|p2a: Magnezone|Air Balloon
|move|p1a: Alakazam|Hidden Power|p2a: Magnezone
|-supereffective|p2a: Magnezone
|-damage|p2a: Magnezone|18/100
|-enditem|p2a: Magnezone|Air Balloon
|
|-weather|Sandstorm|[upkeep]
|upkeep
|turn|14
|
|t:|1644095638
|move|p1a: Alakazam|Hidden Power|p2a: Magnezone
|-supereffective|p2a: Magnezone
|-damage|p2a: Magnezone|0 fnt
|faint|p2a: Magnezone
|
|-weather|Sandstorm|[upkeep]
|upkeep
|
|t:|1644095641
|switch|p2a: Landorus|Landorus-Therian, M, shiny|100/100
|-damage|p2a: Landorus|88/100|[from] Stealth Rock
|-ability|p2a: Landorus|Intimidate|boost
|-unboost|p1a: Alakazam|atk|1
|turn|15
|
|t:|1644095650
|switch|p1a: Gastrodon|Gastrodon-East, M|100/100
|-damage|p1a: Gastrodon|94/100|[from] Stealth Rock
|move|p2a: Landorus|Earthquake|p1a: Gastrodon
|-damage|p1a: Gastrodon|59/100
|
|-weather|Sandstorm|[upkeep]
|-heal|p2a: Landorus|94/100|[from] item: Leftovers
|-heal|p1a: Gastrodon|65/100|[from] item: Leftovers
|upkeep
|turn|16
|
|t:|1644095662
|move|p2a: Landorus|Earthquake|p1a: Gastrodon
|-damage|p1a: Gastrodon|29/100
|move|p1a: Gastrodon|Ice Beam|p2a: Landorus
|-supereffective|p2a: Landorus
|-damage|p2a: Landorus|0 fnt
|faint|p2a: Landorus
|
|-weather|Sandstorm|[upkeep]
|-heal|p1a: Gastrodon|35/100|[from] item: Leftovers
|upkeep
|
|t:|1644095666
|switch|p2a: Breloom|Breloom, M, shiny|58/100
|-damage|p2a: Breloom|51/100|[from] Stealth Rock
|-damage|p2a: Breloom|39/100|[from] Spikes
|turn|17
|
|t:|1644095676
|switch|p1a: Gliscor|Gliscor, M|48/100 tox
|-damage|p1a: Gliscor|36/100 tox|[from] Stealth Rock
|move|p2a: Breloom|Bullet Seed|p1a: Gliscor
|-damage|p1a: Gliscor|9/100 tox
|-damage|p1a: Gliscor|0 fnt
|faint|p1a: Gliscor
|-hitcount|p1: Gliscor|2
|
|-weather|Sandstorm|[upkeep]
|-damage|p2a: Breloom|33/100|[from] Sandstorm
|upkeep
|
|t:|1644095681
|switch|p1a: Alakazam|Alakazam, M|100/100
|turn|18
|
|t:|1644095684
|switch|p2a: Latios|Latios, M, shiny|100/100
|-damage|p2a: Latios|88/100|[from] Stealth Rock
|move|p1a: Alakazam|Hidden Power|p2a: Latios
|-resisted|p2a: Latios
|-damage|p2a: Latios|76/100
|
|-weather|Sandstorm|[upkeep]
|-damage|p2a: Latios|70/100|[from] Sandstorm
|upkeep
|turn|19
|
|t:|1644095689
|switch|p1a: Tyranitar|Tyranitar, M|88/100 brn
|-damage|p1a: Tyranitar|76/100 brn|[from] Stealth Rock
|switch|p2a: Jirachi|Jirachi|100/100
|-damage|p2a: Jirachi|88/100|[from] Spikes
|-damage|p2a: Jirachi|82/100|[from] Stealth Rock
|
|-weather|Sandstorm|[upkeep]
|-heal|p2a: Jirachi|88/100|[from] item: Leftovers
|-damage|p1a: Tyranitar|64/100 brn|[from] brn
|upkeep
|turn|20
|
|t:|1644095693
|switch|p1a: Gastrodon|Gastrodon-East, M|35/100
|-damage|p1a: Gastrodon|29/100|[from] Stealth Rock
|move|p2a: Jirachi|Iron Head|p1a: Gastrodon
|-resisted|p1a: Gastrodon
|-damage|p1a: Gastrodon|19/100
|
|-weather|Sandstorm|[upkeep]
|-heal|p2a: Jirachi|94/100|[from] item: Leftovers
|-heal|p1a: Gastrodon|25/100|[from] item: Leftovers
|upkeep
|turn|21
|
|t:|1644095699
|move|p2a: Jirachi|Iron Head|p1a: Gastrodon
|-resisted|p1a: Gastrodon
|-damage|p1a: Gastrodon|15/100
|cant|p1a: Gastrodon|flinch
|
|-weather|Sandstorm|[upkeep]
|-heal|p2a: Jirachi|100/100|[from] item: Leftovers
|-heal|p1a: Gastrodon|21/100|[from] item: Leftovers
|upkeep
|turn|22
|
|t:|1644095703
|move|p2a: Jirachi|Iron Head|p1a: Gastrodon
|-resisted|p1a: Gastrodon
|-damage|p1a: Gastrodon|11/100
|move|p1a: Gastrodon|Recover|p1a: Gastrodon
|-heal|p1a: Gastrodon|61/100
|
|-weather|Sandstorm|[upkeep]
|-heal|p1a: Gastrodon|67/100|[from] item: Leftovers
|upkeep
|turn|23
|
|t:|1644095709
|move|p2a: Jirachi|U-turn|p1a: Gastrodon
|-damage|p1a: Gastrodon|55/100
|
|t:|1644095712
|switch|p2a: Latios|Latios, M, shiny|70/100|[from]move: U-turn
|-damage|p2a: Latios|58/100|[from] Stealth Rock
|move|p1a: Gastrodon|Ice Beam|p2a: Latios
|-supereffective|p2a: Latios
|-damage|p2a: Latios|12/100
|
|-weather|Sandstorm|[upkeep]
|-damage|p2a: Latios|6/100|[from] Sandstorm
|-heal|p1a: Gastrodon|62/100|[from] item: Leftovers
|upkeep
|turn|24
|c|☆gilbert arenas|gg
|
|t:|1644095725
|switch|p1a: Tyranitar|Tyranitar, M|64/100 brn
|-damage|p1a: Tyranitar|51/100 brn|[from] Stealth Rock
|move|p2a: Latios|Recover|p2a: Latios
|-heal|p2a: Latios|57/100
|
|-weather|Sandstorm|[upkeep]
|-damage|p2a: Latios|51/100|[from] Sandstorm
|-damage|p1a: Tyranitar|39/100 brn|[from] brn
|upkeep
|turn|25
|
|t:|1644095728
|switch|p2a: Jirachi|Jirachi|100/100
|-damage|p2a: Jirachi|94/100|[from] Stealth Rock
|-damage|p2a: Jirachi|82/100|[from] Spikes
|move|p1a: Tyranitar|Crunch|p2a: Jirachi
|-damage|p2a: Jirachi|63/100
|
|-weather|Sandstorm|[upkeep]
|-heal|p2a: Jirachi|70/100|[from] item: Leftovers
|-damage|p1a: Tyranitar|27/100 brn|[from] brn
|upkeep
|turn|26
|
|t:|1644095732
|switch|p1a: Gastrodon|Gastrodon-East, M|62/100
|-damage|p1a: Gastrodon|55/100|[from] Stealth Rock
|move|p2a: Jirachi|Body Slam|p1a: Gastrodon
|-damage|p1a: Gastrodon|42/100
|-status|p1a: Gastrodon|par
|
|-weather|Sandstorm|[upkeep]
|-heal|p2a: Jirachi|76/100|[from] item: Leftovers
|-heal|p1a: Gastrodon|48/100 par|[from] item: Leftovers
|upkeep
|turn|27
|
|t:|1644095736
|move|p2a: Jirachi|Iron Head|p1a: Gastrodon
|-resisted|p1a: Gastrodon
|-damage|p1a: Gastrodon|38/100 par
|cant|p1a: Gastrodon|flinch
|
|-weather|Sandstorm|[upkeep]
|-heal|p2a: Jirachi|82/100|[from] item: Leftovers
|-heal|p1a: Gastrodon|44/100 par|[from] item: Leftovers
|upkeep
|turn|28
|
|t:|1644095739
|move|p2a: Jirachi|Iron Head|p1a: Gastrodon
|-resisted|p1a: Gastrodon
|-damage|p1a: Gastrodon|34/100 par
|move|p1a: Gastrodon|Recover|p1a: Gastrodon
|-heal|p1a: Gastrodon|84/100 par
|
|-weather|Sandstorm|[upkeep]
|-heal|p2a: Jirachi|88/100|[from] item: Leftovers
|-heal|p1a: Gastrodon|90/100 par|[from] item: Leftovers
|upkeep
|turn|29
|
|t:|1644095743
|move|p2a: Jirachi|U-turn|p1a: Gastrodon
|-damage|p1a: Gastrodon|78/100 par
|
|t:|1644095745
|switch|p2a: Latios|Latios, M, shiny|51/100|[from]move: U-turn
|-damage|p2a: Latios|38/100|[from] Stealth Rock
|move|p1a: Gastrodon|Earthquake|p2a: Latios
|-immune|p2a: Latios|[from] ability: Levitate
|
|-weather|Sandstorm|[upkeep]
|-damage|p2a: Latios|32/100|[from] Sandstorm
|-heal|p1a: Gastrodon|84/100 par|[from] item: Leftovers
|upkeep
|turn|30
|
|t:|1644095754
|switch|p1a: Tyranitar|Tyranitar, M|27/100 brn
|-damage|p1a: Tyranitar|14/100 brn|[from] Stealth Rock
|move|p2a: Latios|Recover|p2a: Latios
|-heal|p2a: Latios|83/100
|
|-weather|Sandstorm|[upkeep]
|-damage|p2a: Latios|77/100|[from] Sandstorm
|-damage|p1a: Tyranitar|2/100 brn|[from] brn
|upkeep
|turn|31
|
|t:|1644095760
|move|p1a: Tyranitar|Pursuit|p2a: Latios
|-supereffective|p2a: Latios
|-damage|p2a: Latios|49/100
|move|p2a: Latios|Recover|p2a: Latios
|-heal|p2a: Latios|99/100
|
|-weather|Sandstorm|[upkeep]
|-damage|p2a: Latios|93/100|[from] Sandstorm
|-damage|p1a: Tyranitar|0 fnt|[from] brn
|faint|p1a: Tyranitar
|upkeep
|
|t:|1644095790
|switch|p1a: Alakazam|Alakazam, M|100/100
|turn|32
|
|t:|1644095796
|move|p1a: Alakazam|Thunder Wave|p2a: Latios
|-status|p2a: Latios|par
|move|p2a: Latios|Surf|p1a: Alakazam
|-damage|p1a: Alakazam|52/100
|
|-weather|Sandstorm|[upkeep]
|-damage|p2a: Latios|87/100 par|[from] Sandstorm
|upkeep
|turn|33
|
|t:|1644095803
|switch|p1a: Reuniclus|Reuniclus, M|100/100
|switch|p2a: Jirachi|Jirachi|88/100
|-damage|p2a: Jirachi|76/100|[from] Spikes
|-damage|p2a: Jirachi|70/100|[from] Stealth Rock
|
|-weather|Sandstorm|[upkeep]
|-heal|p2a: Jirachi|76/100|[from] item: Leftovers
|upkeep
|turn|34
|
|t:|1644095807
|switch|p1a: Gastrodon|Gastrodon-East, M|84/100 par
|-damage|p1a: Gastrodon|78/100 par|[from] Stealth Rock
|move|p2a: Jirachi|Body Slam|p1a: Gastrodon
|-damage|p1a: Gastrodon|64/100 par
|
|-weather|Sandstorm|[upkeep]
|-heal|p2a: Jirachi|82/100|[from] item: Leftovers
|-heal|p1a: Gastrodon|70/100 par|[from] item: Leftovers
|upkeep
|turn|35
|
|t:|1644095813
|move|p2a: Jirachi|U-turn|p1a: Gastrodon
|-crit|p1a: Gastrodon
|-damage|p1a: Gastrodon|48/100 par
|
|t:|1644095815
|switch|p2a: Latios|Latios, M, shiny|87/100 par|[from]move: U-turn
|-damage|p2a: Latios|75/100 par|[from] Stealth Rock
|move|p1a: Gastrodon|Recover|p1a: Gastrodon
|-heal|p1a: Gastrodon|98/100 par
|
|-weather|Sandstorm|[upkeep]
|-damage|p2a: Latios|69/100 par|[from] Sandstorm
|-heal|p1a: Gastrodon|100/100 par|[from] item: Leftovers
|upkeep
|turn|36
|
|t:|1644095819
|move|p2a: Latios|Calm Mind|p2a: Latios
|-boost|p2a: Latios|spa|1
|-boost|p2a: Latios|spd|1
|move|p1a: Gastrodon|Ice Beam|p2a: Latios
|-supereffective|p2a: Latios
|-damage|p2a: Latios|37/100 par
|
|-weather|Sandstorm|[upkeep]
|-damage|p2a: Latios|31/100 par|[from] Sandstorm
|upkeep
|turn|37
|
|t:|1644095825
|switch|p1a: Reuniclus|Reuniclus, M|100/100
|cant|p2a: Latios|par
|
|-weather|Sandstorm|[upkeep]
|-damage|p2a: Latios|25/100 par|[from] Sandstorm
|upkeep
|turn|38
|
|t:|1644095831
|move|p1a: Reuniclus|Hidden Power|p2a: Latios
|-supereffective|p2a: Latios
|-damage|p2a: Latios|0 fnt
|faint|p2a: Latios
|
|-weather|Sandstorm|[upkeep]
|upkeep
|c|☆mael|man i draco'd there
|
|t:|1644095838
|switch|p2a: Jirachi|Jirachi|82/100
|-damage|p2a: Jirachi|76/100|[from] Stealth Rock
|-damage|p2a: Jirachi|63/100|[from] Spikes
|turn|39
|c|☆gilbert arenas|ye i binned this
|c|☆gilbert arenas|for sure
|
|t:|1644095848
|switch|p1a: Gastrodon|Gastrodon-East, M|100/100 par
|-damage|p1a: Gastrodon|94/100 par|[from] Stealth Rock
|move|p2a: Jirachi|U-turn|p1a: Gastrodon
|-damage|p1a: Gastrodon|82/100 par
|
|t:|1644095851
|switch|p2a: Breloom|Breloom, M, shiny|33/100|[from]move: U-turn
|-damage|p2a: Breloom|27/100|[from] Stealth Rock
|-damage|p2a: Breloom|15/100|[from] Spikes
|
|-weather|Sandstorm|[upkeep]
|-damage|p2a: Breloom|9/100|[from] Sandstorm
|-heal|p1a: Gastrodon|88/100 par|[from] item: Leftovers
|upkeep
|turn|40
|
|t:|1644095867
|switch|p1a: Reuniclus|Reuniclus, M|100/100
|move|p2a: Breloom|Bullet Seed|p1a: Reuniclus
|-damage|p1a: Reuniclus|78/100
|-damage|p1a: Reuniclus|54/100
|-damage|p1a: Reuniclus|31/100
|-hitcount|p1a: Reuniclus|3
|
|-weather|Sandstorm|[upkeep]
|-damage|p2a: Breloom|2/100|[from] Sandstorm
|-heal|p1a: Reuniclus|37/100|[from] item: Leftovers
|upkeep
|turn|41
|
|t:|1644095874
|switch|p2a: Jirachi|Jirachi|63/100
|-damage|p2a: Jirachi|57/100|[from] Stealth Rock
|-damage|p2a: Jirachi|45/100|[from] Spikes
|move|p1a: Reuniclus|Recover|p1a: Reuniclus
|-heal|p1a: Reuniclus|87/100
|
|-weather|Sandstorm|[upkeep]
|-heal|p2a: Jirachi|51/100|[from] item: Leftovers
|-heal|p1a: Reuniclus|93/100|[from] item: Leftovers
|upkeep
|turn|42
|
|t:|1644095882
|move|p2a: Jirachi|Body Slam|p1a: Reuniclus
|-crit|p1a: Reuniclus
|-damage|p1a: Reuniclus|65/100
|-status|p1a: Reuniclus|par
|move|p1a: Reuniclus|Thunder|p2a: Jirachi
|-damage|p2a: Jirachi|31/100
|
|-weather|Sandstorm|[upkeep]
|-heal|p2a: Jirachi|37/100|[from] item: Leftovers
|-heal|p1a: Reuniclus|71/100 par|[from] item: Leftovers
|upkeep
|turn|43
|
|t:|1644095887
|switch|p1a: Gastrodon|Gastrodon-East, M|88/100 par
|-damage|p1a: Gastrodon|82/100 par|[from] Stealth Rock
|move|p2a: Jirachi|Iron Head|p1a: Gastrodon
|-resisted|p1a: Gastrodon
|-damage|p1a: Gastrodon|71/100 par
|
|-weather|Sandstorm|[upkeep]
|-heal|p2a: Jirachi|43/100|[from] item: Leftovers
|-heal|p1a: Gastrodon|77/100 par|[from] item: Leftovers
|upkeep
|turn|44
|
|t:|1644095891
|move|p2a: Jirachi|Iron Head|p1a: Gastrodon
|-resisted|p1a: Gastrodon
|-damage|p1a: Gastrodon|67/100 par
|cant|p1a: Gastrodon|flinch
|
|-weather|Sandstorm|[upkeep]
|-heal|p2a: Jirachi|49/100|[from] item: Leftovers
|-heal|p1a: Gastrodon|74/100 par|[from] item: Leftovers
|upkeep
|turn|45
|
|t:|1644095894
|move|p2a: Jirachi|Iron Head|p1a: Gastrodon
|-resisted|p1a: Gastrodon
|-damage|p1a: Gastrodon|64/100 par
|move|p1a: Gastrodon|Earthquake|p2a: Jirachi
|-supereffective|p2a: Jirachi
|-damage|p2a: Jirachi|4/100
|
|-weather|Sandstorm|[upkeep]
|-heal|p2a: Jirachi|10/100|[from] item: Leftovers
|-heal|p1a: Gastrodon|70/100 par|[from] item: Leftovers
|upkeep
|turn|46
|
|t:|1644095897
|move|p2a: Jirachi|Iron Head|p1a: Gastrodon
|-resisted|p1a: Gastrodon
|-damage|p1a: Gastrodon|60/100 par
|move|p1a: Gastrodon|Earthquake|p2a: Jirachi
|-supereffective|p2a: Jirachi
|-damage|p2a: Jirachi|0 fnt
|faint|p2a: Jirachi
|
|-weather|Sandstorm|[upkeep]
|-heal|p1a: Gastrodon|66/100 par|[from] item: Leftovers
|upkeep
|-message|mael forfeited.
|
|win|gilbert arenas
