|inactive|Battle timer is ON: inactive players will automatically lose when time's up.
|t:|1644174844
|gametype|singles
|player|p1|mars and back|rosa|
|player|p2|Dababy2|lucas-gen4pt|
|teamsize|p1|6
|teamsize|p2|6
|gen|5
|tier|[Gen 5] OU
|rule|Species Clause: Limit one of each Pokémon
|rule|OHKO Clause: OHKO moves are banned
|rule|Moody Clause: Moody is banned
|rule|Evasion Moves Clause: Evasion moves are banned
|rule|Endless Battle Clause: Forcing endless battles is banned
|rule|HP Percentage Mod: HP is shown in percentages
|rule|Evasion Abilities Clause: Evasion abilities are banned
|rule|Sleep Clause: Sleep-inducing moves are banned
|rule|Swagger Clause: Swagger is banned
|clearpoke
|poke|p1|Togekiss, F|item
|poke|p1|Aerodactyl, M|item
|poke|p1|Magnezone|item
|poke|p1|Latios, M|item
|poke|p1|Alakazam, M|item
|poke|p1|Thundurus-Therian, M|item
|poke|p2|Thundurus-Therian, M|item
|poke|p2|Starmie|item
|poke|p2|Ferrothorn, F|item
|poke|p2|Dragonite, M|item
|poke|p2|Latios, M|item
|poke|p2|Rotom-Wash|item
|teampreview
|inactive|mars and back also wants the timer to be on.
|
|t:|1644174848
|start
|switch|p1a: Aerodactyl|Aerodactyl, M|100/100
|switch|p2a: Thorn to Shreds|Ferrothorn, F|100/100
|-ability|p1a: Aerodactyl|Pressure
|turn|1
|
|t:|1644174851
|move|p1a: Aerodactyl|Taunt|p2a: Thorn to Shreds
|-start|p2a: Thorn to Shreds|move: Taunt
|move|p2a: Thorn to Shreds|Gyro Ball|p1a: Aerodactyl
|-supereffective|p1a: Aerodactyl
|-enditem|p1a: Aerodactyl|Focus Sash
|-damage|p1a: Aerodactyl|1/100
|
|upkeep
|turn|2
|
|t:|1644174855
|move|p1a: Aerodactyl|Stealth Rock|p2a: Thorn to Shreds
|-sidestart|p2: Dababy2|move: Stealth Rock
|move|p2a: Thorn to Shreds|Gyro Ball|p1a: Aerodactyl
|-supereffective|p1a: Aerodactyl
|-damage|p1a: Aerodactyl|0 fnt
|faint|p1a: Aerodactyl
|
|upkeep
|
|t:|1644174857
|switch|p1a: Magnezone|Magnezone|100/100
|turn|3
|
|t:|1644174860
|move|p1a: Magnezone|Hidden Power|p2a: Thorn to Shreds
|-supereffective|p2a: Thorn to Shreds
|-damage|p2a: Thorn to Shreds|18/100
|move|p2a: Thorn to Shreds|Gyro Ball|p1a: Magnezone
|-resisted|p1a: Magnezone
|-damage|p1a: Magnezone|82/100
|
|-heal|p2a: Thorn to Shreds|24/100|[from] item: Leftovers
|-end|p2a: Thorn to Shreds|move: Taunt
|upkeep
|turn|4
|
|t:|1644174863
|move|p1a: Magnezone|Hidden Power|p2a: Thorn to Shreds
|-supereffective|p2a: Thorn to Shreds
|-damage|p2a: Thorn to Shreds|0 fnt
|faint|p2a: Thorn to Shreds
|
|upkeep
|
|t:|1644174865
|switch|p2a: Mr. Clean|Rotom-Wash|100/100
|-damage|p2a: Mr. Clean|88/100|[from] Stealth Rock
|turn|5
|
|t:|1644174867
|move|p1a: Magnezone|Thunderbolt|p2a: Mr. Clean
|-damage|p2a: Mr. Clean|35/100
|move|p2a: Mr. Clean|Rain Dance|p2a: Mr. Clean
|-weather|RainDance
|
|-weather|RainDance|[upkeep]
|upkeep
|turn|6
|
|t:|1644174871
|switch|p2a: OKC|Thundurus-Therian, M|100/100
|-damage|p2a: OKC|76/100|[from] Stealth Rock
|move|p1a: Magnezone|Thunderbolt|p2a: OKC
|-heal|p2a: OKC|100/100|[from] ability: Volt Absorb|[of] p1a: Magnezone
|
|-weather|RainDance|[upkeep]
|upkeep
|turn|7
|
|t:|1644174874
|switch|p1a: Latios|Latios, M|100/100
|move|p2a: OKC|Agility|p2a: OKC
|-boost|p2a: OKC|spe|2
|
|-weather|RainDance|[upkeep]
|upkeep
|turn|8
|
|t:|1644174876
|switch|p1a: Magnezone|Magnezone|82/100
|move|p2a: OKC|Thunder|p1a: Magnezone
|-resisted|p1a: Magnezone
|-damage|p1a: Magnezone|34/100
|-status|p1a: Magnezone|par
|
|-weather|RainDance|[upkeep]
|upkeep
|turn|9
|
|t:|1644174880
|move|p1a: Magnezone|Magic Coat|p1a: Magnezone
|-singleturn|p1a: Magnezone|move: Magic Coat
|move|p2a: OKC|Focus Blast|p1a: Magnezone|[miss]
|-miss|p2a: OKC|p1a: Magnezone
|
|-weather|RainDance|[upkeep]
|upkeep
|turn|10
|
|t:|1644174884
|cant|p1a: Magnezone|par
|move|p2a: OKC|Focus Blast|p1a: Magnezone
|-supereffective|p1a: Magnezone
|-enditem|p1a: Magnezone|Chople Berry|[eat]
|-enditem|p1a: Magnezone|Chople Berry|[weaken]
|-damage|p1a: Magnezone|0 fnt
|faint|p1a: Magnezone
|
|-weather|RainDance|[upkeep]
|upkeep
|
|t:|1644174901
|switch|p1a: Latios|Latios, M|100/100
|turn|11
|
|t:|1644174911
|switch|p1a: Thundurus|Thundurus-Therian, M|100/100
|move|p2a: OKC|Hidden Power|p1a: Thundurus
|-enditem|p2a: OKC|Ice Gem|[from] gem
|-supereffective|p1a: Thundurus
|-damage|p1a: Thundurus|0 fnt
|faint|p1a: Thundurus
|
|-weather|RainDance|[upkeep]
|upkeep
|
|t:|1644174914
|switch|p1a: Latios|Latios, M|100/100
|turn|12
|
|t:|1644174916
|move|p2a: OKC|Hidden Power|p1a: Latios
|-supereffective|p1a: Latios
|-damage|p1a: Latios|36/100
|move|p1a: Latios|Draco Meteor|p2a: OKC
|-enditem|p1a: Latios|Dragon Gem|[from] gem
|-damage|p2a: OKC|0 fnt
|-unboost|p1a: Latios|spa|2
|faint|p2a: OKC
|
|-weather|none
|upkeep
|
|t:|1644174928
|switch|p2a: Worldstar|Starmie|100/100
|-damage|p2a: Worldstar|88/100|[from] Stealth Rock
|turn|13
|
|t:|1644174931
|move|p2a: Worldstar|Rapid Spin|p1a: Latios
|-damage|p1a: Latios|32/100
|-sideend|p2: Dababy2|Stealth Rock|[from] move: Rapid Spin|[of] p2a: Worldstar
|move|p1a: Latios|Draco Meteor|p2a: Worldstar|[miss]
|-miss|p1a: Latios|p2a: Worldstar
|
|upkeep
|turn|14
|
|t:|1644174934
|move|p2a: Worldstar|Ice Beam|p1a: Latios
|-supereffective|p1a: Latios
|-damage|p1a: Latios|0 fnt
|faint|p1a: Latios
|
|upkeep
|c|☆mars and back|how much more luck
|c|☆mars and back|do u want lad
|c|☆Dababy2|U win anyways
|c|☆Dababy2|It's calm
|
|t:|1644174948
|switch|p1a: Togekiss|Togekiss, F|100/100
|turn|15
|
|t:|1644174949
|move|p1a: Togekiss|Air Slash|p2a: Worldstar
|-damage|p2a: Worldstar|32/100
|cant|p2a: Worldstar|flinch
|
|upkeep
|turn|16
|
|t:|1644174953
|move|p1a: Togekiss|Air Slash|p2a: Worldstar
|-damage|p2a: Worldstar|0 fnt
|faint|p2a: Worldstar
|
|upkeep
|
|t:|1644174959
|switch|p2a: Mr. Clean|Rotom-Wash|35/100
|turn|17
|
|t:|1644174961
|move|p1a: Togekiss|Air Slash|p2a: Mr. Clean|[miss]
|-miss|p1a: Togekiss|p2a: Mr. Clean
|move|p2a: Mr. Clean|Rain Dance|p2a: Mr. Clean
|-weather|RainDance
|
|-weather|RainDance|[upkeep]
|upkeep
|turn|18
|
|t:|1644174965
|move|p1a: Togekiss|Air Slash|p2a: Mr. Clean
|-resisted|p2a: Mr. Clean
|-damage|p2a: Mr. Clean|16/100
|cant|p2a: Mr. Clean|flinch
|
|-weather|RainDance|[upkeep]
|upkeep
|turn|19
|
|t:|1644174969
|move|p1a: Togekiss|Air Slash|p2a: Mr. Clean|[miss]
|-miss|p1a: Togekiss|p2a: Mr. Clean
|move|p2a: Mr. Clean|Volt Switch|p1a: Togekiss
|-supereffective|p1a: Togekiss
|-damage|p1a: Togekiss|30/100
|
|t:|1644174971
|switch|p2a: Air Latios|Latios, M|100/100|[from]move: Volt Switch
|
|-weather|RainDance|[upkeep]
|upkeep
|turn|20
|c|☆mars and back|ARE U 
|c|☆mars and back|HAVING A PISS
|
|t:|1644174976
|move|p2a: Air Latios|Thunder|p1a: Togekiss
|-supereffective|p1a: Togekiss
|-damage|p1a: Togekiss|0 fnt
|faint|p1a: Togekiss
|
|-weather|RainDance|[upkeep]
|upkeep
|
|t:|1644174978
|switch|p1a: Alakazam|Alakazam, M|100/100
|turn|21
|c|☆Dababy2|MAYBE
|
|t:|1644174984
|move|p2a: Air Latios|Thunder|p1a: Alakazam
|-damage|p1a: Alakazam|30/100
|move|p1a: Alakazam|Shadow Ball|p2a: Air Latios
|-supereffective|p2a: Air Latios
|-damage|p2a: Air Latios|37/100
|
|-weather|RainDance|[upkeep]
|upkeep
|turn|22
|
|t:|1644174987
|move|p2a: Air Latios|Thunder|p1a: Alakazam
|-damage|p1a: Alakazam|0 fnt
|faint|p1a: Alakazam
|
|win|Dababy2
