|inactive|Battle timer is ON: inactive players will automatically lose when time's up.
|t:|1632799811
|gametype|singles
|player|p1|team charm|266|
|player|p2|robjr|lance|
|teamsize|p1|6
|teamsize|p2|6
|gen|5
|tier|[Gen 5] NU
|rule|Species Clause: Limit one of each Pokémon
|rule|OHKO Clause: OHKO moves are banned
|rule|Moody Clause: Moody is banned
|rule|Evasion Moves Clause: Evasion moves are banned
|rule|Endless Battle Clause: Forcing endless battles is banned
|rule|HP Percentage Mod: HP is shown in percentages
|rule|Evasion Abilities Clause: Evasion abilities are banned
|rule|Baton Pass Clause: Limit one Baton Passer, can't pass Spe and other stats simultaneously
|rule|Swagger Clause: Swagger is banned
|rule|Sleep Clause Mod: Limit one foe put to sleep
|clearpoke
|poke|p1|Lapras, M|item
|poke|p1|Regirock|item
|poke|p1|Gorebyss, F|item
|poke|p1|Serperior, F|item
|poke|p1|Charizard, M|item
|poke|p1|Pineco, M|item
|poke|p2|Charizard, M|item
|poke|p2|Piloswine, M|item
|poke|p2|Serperior, M|item
|poke|p2|Gothorita, M|item
|poke|p2|Alomomola, M|item
|poke|p2|Garbodor, M|item
|teampreview
|c|☆team charm|hf
|c|☆robjr|hf
|
|t:|1632799822
|start
|switch|p1a: Regirock|Regirock|100/100
|switch|p2a: Serperior|Serperior, M|100/100
|turn|1
|
|t:|1632799826
|move|p2a: Serperior|Taunt|p1a: Regirock
|-start|p1a: Regirock|move: Taunt
|cant|p1a: Regirock|move: Taunt|Stealth Rock
|
|upkeep
|turn|2
|
|t:|1632799836
|switch|p1a: Serperior|Serperior, F|100/100
|move|p2a: Serperior|Calm Mind|p2a: Serperior
|-boost|p2a: Serperior|spa|1
|-boost|p2a: Serperior|spd|1
|
|upkeep
|turn|3
|
|t:|1632799841
|move|p1a: Serperior|Glare|p2a: Serperior
|-status|p2a: Serperior|par
|move|p2a: Serperior|Calm Mind|p2a: Serperior
|-boost|p2a: Serperior|spa|1
|-boost|p2a: Serperior|spd|1
|
|upkeep
|turn|4
|
|t:|1632799844
|move|p1a: Serperior|Light Screen|p1a: Serperior
|-sidestart|p1: team charm|move: Light Screen
|move|p2a: Serperior|Hidden Power|p1a: Serperior
|-damage|p1a: Serperior|79/100
|-damage|p2a: Serperior|91/100 par|[from] item: Life Orb
|
|upkeep
|turn|5
|
|t:|1632799848
|switch|p1a: Regirock|Regirock|100/100
|move|p2a: Serperior|Hidden Power|p1a: Regirock
|-damage|p1a: Regirock|80/100
|-damage|p2a: Serperior|81/100 par|[from] item: Life Orb
|
|-heal|p1a: Regirock|86/100|[from] item: Leftovers
|upkeep
|turn|6
|
|t:|1632799866
|switch|p2a: Gothorita|Gothorita, M|100/100
|move|p1a: Regirock|Stealth Rock|p2a: Gothorita
|-sidestart|p2: robjr|move: Stealth Rock
|
|-heal|p1a: Regirock|92/100|[from] item: Leftovers
|upkeep
|turn|7
|
|t:|1632799870
|move|p2a: Gothorita|Trick|p1a: Regirock
|-activate|p2a: Gothorita|move: Trick|[of] p1a: Regirock
|-item|p1a: Regirock|Choice Specs|[from] move: Trick
|-item|p2a: Gothorita|Leftovers|[from] move: Trick
|move|p1a: Regirock|Explosion|p2a: Gothorita
|-damage|p2a: Gothorita|0 fnt
|faint|p1a: Regirock
|faint|p2a: Gothorita
|
|upkeep
|
|t:|1632799888
|switch|p2a: Garbodor|Garbodor, M|100/100
|switch|p1a: Gorebyss|Gorebyss, F|100/100
|-damage|p2a: Garbodor|88/100|[from] Stealth Rock
|turn|8
|
|t:|1632799895
|move|p2a: Garbodor|Seed Bomb|p1a: Gorebyss
|-supereffective|p1a: Gorebyss
|-damage|p1a: Gorebyss|43/100
|move|p1a: Gorebyss|Shell Smash|p1a: Gorebyss
|-unboost|p1a: Gorebyss|def|1
|-unboost|p1a: Gorebyss|spd|1
|-boost|p1a: Gorebyss|atk|2
|-boost|p1a: Gorebyss|spa|2
|-boost|p1a: Gorebyss|spe|2
|-enditem|p1a: Gorebyss|White Herb
|-clearnegativeboost|p1a: Gorebyss|[silent]
|
|upkeep
|turn|9
|
|t:|1632799899
|move|p2a: Garbodor|Seed Bomb|p1a: Gorebyss
|-supereffective|p1a: Gorebyss
|-damage|p1a: Gorebyss|0 fnt
|faint|p1a: Gorebyss
|
|upkeep
|c|☆team charm|what LOL
|
|t:|1632799906
|switch|p1a: Charizard|Charizard, M|100/100
|turn|10
|c|☆team charm|i have no idea how to play this gen
|
|t:|1632799916
|switch|p2a: Charizard|Charizard, M|100/100
|-damage|p2a: Charizard|51/100|[from] Stealth Rock
|move|p1a: Charizard|Belly Drum|p1a: Charizard
|-damage|p1a: Charizard|50/100
|-setboost|p1a: Charizard|atk|6|[from] move: Belly Drum
|
|upkeep
|turn|11
|c|☆team charm|why does this guy run scarf
|
|t:|1632799921
|move|p2a: Charizard|Acrobatics|p1a: Charizard
|-enditem|p2a: Charizard|Flying Gem|[from] gem
|-damage|p1a: Charizard|0 fnt
|faint|p1a: Charizard
|
|-sideend|p1: team charm|move: Light Screen
|upkeep
|c|☆robjr|idk
|c|☆robjr|i just used samples
|
|t:|1632799930
|switch|p1a: Lapras|Lapras, M|100/100
|turn|12
|
|t:|1632799941
|move|p2a: Charizard|Acrobatics|p1a: Lapras
|-crit|p1a: Lapras
|-damage|p1a: Lapras|16/100
|move|p1a: Lapras|Dragon Dance|p1a: Lapras
|-boost|p1a: Lapras|atk|1
|-boost|p1a: Lapras|spe|1
|
|-heal|p1a: Lapras|22/100|[from] item: Leftovers
|upkeep
|turn|13
|
|t:|1632799945
|move|p1a: Lapras|Waterfall|p2a: Charizard
|-supereffective|p2a: Charizard
|-damage|p2a: Charizard|0 fnt
|faint|p2a: Charizard
|
|-heal|p1a: Lapras|28/100|[from] item: Leftovers
|upkeep
|
|t:|1632799951
|switch|p2a: Garbodor|Garbodor, M|88/100
|-damage|p2a: Garbodor|76/100|[from] Stealth Rock
|turn|14
|
|t:|1632799956
|switch|p1a: Pineco|Pineco, M|100/100
|move|p2a: Garbodor|Seed Bomb|p1a: Pineco
|-resisted|p1a: Pineco
|-damage|p1a: Pineco|92/100
|
|upkeep
|turn|15
|
|t:|1632799962
|switch|p2a: Piloswine|Piloswine, M|100/100
|-damage|p2a: Piloswine|88/100|[from] Stealth Rock
|move|p1a: Pineco|Spikes|p2a: Piloswine
|-sidestart|p2: robjr|Spikes
|
|upkeep
|turn|16
|
|t:|1632799967
|move|p2a: Piloswine|Stealth Rock|p1a: Pineco
|-sidestart|p1: team charm|move: Stealth Rock
|move|p1a: Pineco|Spikes|p2a: Piloswine
|-sidestart|p2: robjr|Spikes
|
|upkeep
|turn|17
|
|t:|1632799970
|move|p2a: Piloswine|Toxic|p1a: Pineco
|-status|p1a: Pineco|tox
|move|p1a: Pineco|Rapid Spin|p2a: Piloswine
|-damage|p2a: Piloswine|86/100
|-sideend|p1: team charm|Stealth Rock|[from] move: Rapid Spin|[of] p1a: Pineco
|
|-damage|p1a: Pineco|86/100 tox|[from] psn
|upkeep
|turn|18
|
|t:|1632799974
|move|p2a: Piloswine|Stealth Rock|p1a: Pineco
|-sidestart|p1: team charm|move: Stealth Rock
|move|p1a: Pineco|Spikes|p2a: Piloswine
|-sidestart|p2: robjr|Spikes
|
|-damage|p1a: Pineco|74/100 tox|[from] psn
|upkeep
|turn|19
|
|t:|1632799978
|move|p2a: Piloswine|Earthquake|p1a: Pineco
|-resisted|p1a: Pineco
|-damage|p1a: Pineco|61/100 tox
|move|p1a: Pineco|Gyro Ball|p2a: Piloswine
|-supereffective|p2a: Piloswine
|-damage|p2a: Piloswine|65/100
|
|-damage|p1a: Pineco|43/100 tox|[from] psn
|upkeep
|turn|20
|
|t:|1632799982
|move|p2a: Piloswine|Ice Shard|p1a: Pineco
|-damage|p1a: Pineco|32/100 tox
|move|p1a: Pineco|Rapid Spin|p2a: Piloswine
|-damage|p2a: Piloswine|63/100
|-sideend|p1: team charm|Stealth Rock|[from] move: Rapid Spin|[of] p1a: Pineco
|
|-damage|p1a: Pineco|8/100 tox|[from] psn
|upkeep
|turn|21
|
|t:|1632799987
|move|p2a: Piloswine|Stealth Rock|p1a: Pineco
|-sidestart|p1: team charm|move: Stealth Rock
|move|p1a: Pineco|Rapid Spin|p2a: Piloswine
|-crit|p2a: Piloswine
|-damage|p2a: Piloswine|59/100
|-sideend|p1: team charm|Stealth Rock|[from] move: Rapid Spin|[of] p1a: Pineco
|
|-damage|p1a: Pineco|0 fnt|[from] psn
|faint|p1a: Pineco
|upkeep
|
|t:|1632799990
|switch|p1a: Serperior|Serperior, F|79/100
|turn|22
|
|t:|1632799999
|move|p1a: Serperior|Leaf Storm|p2a: Piloswine
|-supereffective|p2a: Piloswine
|-damage|p2a: Piloswine|5/100
|-unboost|p1a: Serperior|spa|2
|move|p2a: Piloswine|Stealth Rock|p1a: Serperior
|-sidestart|p1: team charm|move: Stealth Rock
|
|upkeep
|turn|23
|c|☆team charm|wheres my stat raise
|c|☆team charm|what is going on
|c|☆robjr|LOL
|c|☆robjr|overgrow
|
|t:|1632800027
|move|p2a: Piloswine|Ice Shard|p1a: Serperior
|-supereffective|p1a: Serperior
|-damage|p1a: Serperior|50/100
|move|p1a: Serperior|Leaf Storm|p2a: Piloswine
|-supereffective|p2a: Piloswine
|-damage|p2a: Piloswine|0 fnt
|-unboost|p1a: Serperior|spa|2
|faint|p2a: Piloswine
|
|upkeep
|c|☆team charm|i hate this tier
|inactive|robjr has 270 seconds left.
|inactive|robjr has 240 seconds left.
|
|t:|1632800087
|switch|p2a: Alomomola|Alomomola, M|100/100
|-damage|p2a: Alomomola|76/100|[from] Spikes
|-damage|p2a: Alomomola|63/100|[from] Stealth Rock
|turn|24
|
|t:|1632800091
|move|p1a: Serperior|Glare|p2a: Alomomola
|-status|p2a: Alomomola|par
|move|p2a: Alomomola|Healing Wish|p2a: Alomomola
|faint|p2a: Alomomola
|
|upkeep
|
|t:|1632800094
|switch|p2a: Serperior|Serperior, M|81/100 par
|-heal|p2a: Serperior|100/100|[from] move: Healing Wish
|-damage|p2a: Serperior|76/100|[from] Spikes
|-damage|p2a: Serperior|63/100|[from] Stealth Rock
|turn|25
|
|t:|1632800107
|move|p1a: Serperior|Glare|p2a: Serperior
|-status|p2a: Serperior|par
|move|p2a: Serperior|Giga Drain|p1a: Serperior
|-resisted|p1a: Serperior
|-damage|p1a: Serperior|32/100
|-heal|p2a: Serperior|74/100 par|[from] drain|[of] p1a: Serperior
|-damage|p2a: Serperior|64/100 par|[from] item: Life Orb
|
|upkeep
|turn|26
|
|t:|1632800112
|move|p1a: Serperior|Light Screen|p1a: Serperior
|-sidestart|p1: team charm|move: Light Screen
|move|p2a: Serperior|Giga Drain|p1a: Serperior
|-resisted|p1a: Serperior
|-damage|p1a: Serperior|24/100
|-heal|p2a: Serperior|69/100 par|[from] drain|[of] p1a: Serperior
|-damage|p2a: Serperior|59/100 par|[from] item: Life Orb
|
|upkeep
|turn|27
|inactive|robjr has 270 seconds left.
|
|t:|1632800118
|move|p1a: Serperior|Reflect|p1a: Serperior
|-sidestart|p1: team charm|Reflect
|move|p2a: Serperior|Giga Drain|p1a: Serperior
|-resisted|p1a: Serperior
|-damage|p1a: Serperior|15/100
|-heal|p2a: Serperior|65/100 par|[from] drain|[of] p1a: Serperior
|-damage|p2a: Serperior|55/100 par|[from] item: Life Orb
|
|upkeep
|turn|28
|
|t:|1632800121
|move|p1a: Serperior|Leaf Storm|p2a: Serperior
|-resisted|p2a: Serperior
|-damage|p2a: Serperior|43/100 par
|-unboost|p1a: Serperior|spa|2
|cant|p2a: Serperior|par
|
|upkeep
|turn|29
|
|t:|1632800131
|move|p1a: Serperior|Leaf Storm|p2a: Serperior
|-resisted|p2a: Serperior
|-damage|p2a: Serperior|35/100 par
|move|p2a: Serperior|Calm Mind|p2a: Serperior
|-boost|p2a: Serperior|spa|1
|-boost|p2a: Serperior|spd|1
|
|upkeep
|turn|30
|
|t:|1632800134
|move|p1a: Serperior|Leaf Storm|p2a: Serperior|[miss]
|-miss|p1a: Serperior|p2a: Serperior
|move|p2a: Serperior|Calm Mind|p2a: Serperior
|-boost|p2a: Serperior|spa|1
|-boost|p2a: Serperior|spd|1
|
|upkeep
|turn|31
|
|t:|1632800138
|move|p1a: Serperior|Leaf Storm|p2a: Serperior
|-resisted|p2a: Serperior
|-damage|p2a: Serperior|31/100 par
|move|p2a: Serperior|Calm Mind|p2a: Serperior
|-boost|p2a: Serperior|spa|1
|-boost|p2a: Serperior|spd|1
|
|upkeep
|turn|32
|
|t:|1632800145
|move|p1a: Serperior|Leaf Storm|p2a: Serperior
|-resisted|p2a: Serperior
|-damage|p2a: Serperior|27/100 par
|move|p2a: Serperior|Calm Mind|p2a: Serperior
|-boost|p2a: Serperior|spa|1
|-boost|p2a: Serperior|spd|1
|
|upkeep
|turn|33
|
|t:|1632800149
|move|p1a: Serperior|Leaf Storm|p2a: Serperior
|-resisted|p2a: Serperior
|-damage|p2a: Serperior|24/100 par
|cant|p2a: Serperior|par
|
|-sideend|p1: team charm|move: Light Screen
|upkeep
|turn|34
|
|t:|1632800158
|move|p1a: Serperior|Light Screen|p1a: Serperior
|-sidestart|p1: team charm|move: Light Screen
|cant|p2a: Serperior|par
|
|-sideend|p1: team charm|Reflect
|upkeep
|turn|35
|
|t:|1632800162
|move|p1a: Serperior|Reflect|p1a: Serperior
|-sidestart|p1: team charm|Reflect
|move|p2a: Serperior|Giga Drain|p1a: Serperior
|-resisted|p1a: Serperior
|-damage|p1a: Serperior|0 fnt
|-heal|p2a: Serperior|33/100 par|[from] drain|[of] p1a: Serperior
|faint|p1a: Serperior
|-damage|p2a: Serperior|23/100 par|[from] item: Life Orb
|
|upkeep
|
|t:|1632800165
|switch|p1a: Lapras|Lapras, M|28/100
|-damage|p1a: Lapras|3/100|[from] Stealth Rock
|turn|36
|inactive|team charm has 270 seconds left.
|c|☆team charm|alright
|c|☆team charm|lets get a para
|
|t:|1632800213
|move|p1a: Lapras|Dragon Dance|p1a: Lapras
|-boost|p1a: Lapras|atk|1
|-boost|p1a: Lapras|spe|1
|move|p2a: Serperior|Giga Drain|p1a: Lapras
|-supereffective|p1a: Lapras
|-crit|p1a: Lapras
|-damage|p1a: Lapras|0 fnt
|-heal|p2a: Serperior|25/100 par|[from] drain|[of] p1a: Lapras
|faint|p1a: Lapras
|-damage|p2a: Serperior|15/100 par|[from] item: Life Orb
|
|win|robjr
|c|☆robjr|gg
|c|☆team charm|gg
