|inactive|Battle timer is ON: inactive players will automatically lose when time's up.
|t:|1633299092
|gametype|singles
|player|p1|starmaster|2|
|player|p2|LpZ IV|102|
|teamsize|p1|6
|teamsize|p2|6
|gen|5
|tier|[Gen 5] UU
|rule|Species Clause: Limit one of each Pokémon
|rule|OHKO Clause: OHKO moves are banned
|rule|Moody Clause: Moody is banned
|rule|Evasion Moves Clause: Evasion moves are banned
|rule|Endless Battle Clause: Forcing endless battles is banned
|rule|HP Percentage Mod: HP is shown in percentages
|rule|Evasion Abilities Clause: Evasion abilities are banned
|rule|Baton Pass Clause: Limit one Baton Passer, can't pass Spe and other stats simultaneously
|rule|Swagger Clause: Swagger is banned
|rule|Sleep Clause Mod: Limit one foe put to sleep
|clearpoke
|poke|p1|Togekiss, F|item
|poke|p1|Snorlax, F|item
|poke|p1|Victini|item
|poke|p1|Steelix, M|item
|poke|p1|Roserade, F|item
|poke|p1|Mismagius, F|item
|poke|p2|Bronzong|item
|poke|p2|Roserade, F|item
|poke|p2|Krookodile, F|item
|poke|p2|Raikou|item
|poke|p2|Blastoise, M|item
|poke|p2|Crobat, F|item
|teampreview
|c|☆LpZ IV|hf
|c|+justamente|LETS GO ÑPZ
|c|+justamente|LPZ
|c|☆starmaster|u2
|c|+TDK|The Strap
|inactive|starmaster has 270 seconds left.
|inactive|LpZ IV has 270 seconds left.
|c|+Skysolo ❤|The Strap 
|c|+Tony|The Strap
|c|+Mionda|The Strap
|c|+ckw|The Strap
|c|+avarice|The Strap
|c|%Lunala|The Strap
|c|+SuperEpicAmpharos|The Strap
|c|+bruno from e4|The Strap
|c|+TSR|The Strap
|c|+Bouff|The Strap
|c|+Sagisolar|The Strap
|inactive|starmaster has 240 seconds left.
|c|+Iam Fakee|The Strap
|c|+tjay|The Strap
|c|+crucify|The Strap
|
|t:|1633299158
|start
|switch|p1a: Victini|Victini|100/100
|switch|p2a: Krookodile|Krookodile, F|100/100
|-ability|p2a: Krookodile|Intimidate|boost
|-unboost|p1a: Victini|atk|1
|turn|1
|c|+PiabloS_|lpz IV no te conozco pero le ganas 
|inactive|LpZ IV has 270 seconds left.
|
|t:|1633299218
|move|p1a: Victini|U-turn|p2a: Krookodile
|-supereffective|p2a: Krookodile
|-damage|p2a: Krookodile|65/100
|
|t:|1633299244
|switch|p1a: Steelix|Steelix, M|100/100|[from]move: U-turn
|move|p2a: Krookodile|Earthquake|p1a: Steelix
|-supereffective|p1a: Steelix
|-damage|p1a: Steelix|46/100
|
|-heal|p1a: Steelix|52/100|[from] item: Leftovers
|upkeep
|turn|2
|
|t:|1633299256
|move|p1a: Steelix|Protect|p1a: Steelix
|-singleturn|p1a: Steelix|Protect
|move|p2a: Krookodile|Earthquake|p1a: Steelix
|-activate|p1a: Steelix|move: Protect
|
|-heal|p1a: Steelix|59/100|[from] item: Leftovers
|upkeep
|turn|3
|
|t:|1633299263
|switch|p2a: Blastoise|Blastoise, M|100/100
|switch|p1a: Togekiss|Togekiss, F|100/100
|
|upkeep
|turn|4
|inactive|LpZ IV has 270 seconds left.
|inactive|LpZ IV has 240 seconds left.
|
|t:|1633299308
|move|p1a: Togekiss|Thunder Wave|p2a: Blastoise
|-status|p2a: Blastoise|par
|move|p2a: Blastoise|Scald|p1a: Togekiss
|-damage|p1a: Togekiss|83/100
|
|-heal|p1a: Togekiss|89/100|[from] item: Leftovers
|upkeep
|turn|5
|
|t:|1633299320
|switch|p1a: Roserade|Roserade, F|100/100
|switch|p2a: Bronzong|Bronzong|100/100
|
|upkeep
|turn|6
|
|t:|1633299333
|move|p1a: Roserade|Spikes|p2a: Bronzong
|-sidestart|p2: LpZ IV|Spikes
|move|p2a: Bronzong|Stealth Rock|p1a: Roserade
|-sidestart|p1: starmaster|move: Stealth Rock
|
|upkeep
|turn|7
|inactive|LpZ IV has 240 seconds left.
|inactive|starmaster has 270 seconds left.
|
|t:|1633299383
|switch|p1a: Steelix|Steelix, M|59/100
|-damage|p1a: Steelix|56/100|[from] Stealth Rock
|switch|p2a: Roserade|Roserade, F|100/100
|-damage|p2a: Roserade|88/100|[from] Spikes
|
|-heal|p2a: Roserade|94/100|[from] item: Black Sludge
|-heal|p1a: Steelix|62/100|[from] item: Leftovers
|upkeep
|turn|8
|inactive|LpZ IV has 210 seconds left.
|
|t:|1633299403
|switch|p1a: Snorlax|Snorlax, F|100/100
|-damage|p1a: Snorlax|88/100|[from] Stealth Rock
|move|p2a: Roserade|Spikes|p1a: Snorlax
|-sidestart|p1: starmaster|Spikes
|
|-heal|p2a: Roserade|100/100|[from] item: Black Sludge
|-heal|p1a: Snorlax|94/100|[from] item: Leftovers
|upkeep
|turn|9
|
|t:|1633299410
|switch|p2a: Bronzong|Bronzong|100/100
|move|p1a: Snorlax|Curse|p1a: Snorlax
|-unboost|p1a: Snorlax|spe|1
|-boost|p1a: Snorlax|atk|1
|-boost|p1a: Snorlax|def|1
|
|-heal|p1a: Snorlax|99/100|[from] item: Leftovers
|upkeep
|turn|10
|inactive|starmaster has 270 seconds left.
|
|t:|1633299421
|move|p2a: Bronzong|Toxic|p1a: Snorlax
|-status|p1a: Snorlax|tox
|move|p1a: Snorlax|Curse|p1a: Snorlax
|-unboost|p1a: Snorlax|spe|1
|-boost|p1a: Snorlax|atk|1
|-boost|p1a: Snorlax|def|1
|
|-heal|p1a: Snorlax|100/100 tox|[from] item: Leftovers
|-damage|p1a: Snorlax|94/100 tox|[from] psn
|upkeep
|turn|11
|
|t:|1633299432
|move|p2a: Bronzong|Earthquake|p1a: Snorlax
|-damage|p1a: Snorlax|86/100 tox
|move|p1a: Snorlax|Body Slam|p2a: Bronzong
|-resisted|p2a: Bronzong
|-damage|p2a: Bronzong|75/100
|
|-heal|p2a: Bronzong|81/100|[from] item: Leftovers
|-heal|p1a: Snorlax|92/100 tox|[from] item: Leftovers
|-damage|p1a: Snorlax|79/100 tox|[from] psn
|upkeep
|turn|12
|
|t:|1633299440
|move|p2a: Bronzong|Earthquake|p1a: Snorlax
|-crit|p1a: Snorlax
|-damage|p1a: Snorlax|44/100 tox
|move|p1a: Snorlax|Body Slam|p2a: Bronzong
|-resisted|p2a: Bronzong
|-damage|p2a: Bronzong|57/100
|
|-heal|p2a: Bronzong|64/100|[from] item: Leftovers
|-heal|p1a: Snorlax|50/100 tox|[from] item: Leftovers
|-damage|p1a: Snorlax|32/100 tox|[from] psn
|upkeep
|turn|13
|
|t:|1633299447
|switch|p2a: Blastoise|Blastoise, M|100/100 par
|-damage|p2a: Blastoise|88/100 par|[from] Spikes
|move|p1a: Snorlax|Rest|p1a: Snorlax
|-status|p1a: Snorlax|slp|[from] move: Rest
|-heal|p1a: Snorlax|100/100 slp|[silent]
|
|-heal|p2a: Blastoise|94/100 par|[from] item: Leftovers
|upkeep
|turn|14
|
|t:|1633299454
|cant|p1a: Snorlax|slp
|move|p1a: Snorlax|Sleep Talk|p1a: Snorlax
|move|p1a: Snorlax|Rest||[from]move: Sleep Talk|[still]
|-fail|p1a: Snorlax
|move|p2a: Blastoise|Scald|p1a: Snorlax
|-damage|p1a: Snorlax|89/100 slp
|
|-heal|p2a: Blastoise|99/100 par|[from] item: Leftovers
|-heal|p1a: Snorlax|96/100 slp|[from] item: Leftovers
|upkeep
|turn|15
|
|t:|1633299458
|cant|p1a: Snorlax|slp
|move|p1a: Snorlax|Sleep Talk|p1a: Snorlax
|move|p1a: Snorlax|Curse|p1a: Snorlax|[from]move: Sleep Talk
|-unboost|p1a: Snorlax|spe|1
|-boost|p1a: Snorlax|atk|1
|-boost|p1a: Snorlax|def|1
|cant|p2a: Blastoise|par
|
|-heal|p2a: Blastoise|100/100 par|[from] item: Leftovers
|-heal|p1a: Snorlax|100/100 slp|[from] item: Leftovers
|upkeep
|turn|16
|
|t:|1633299461
|-curestatus|p1a: Snorlax|slp|[msg]
|move|p1a: Snorlax|Body Slam|p2a: Blastoise
|-damage|p2a: Blastoise|44/100 par
|move|p2a: Blastoise|Roar|p1a: Snorlax
|drag|p1a: Victini|Victini|100/100
|-damage|p1a: Victini|88/100|[from] Spikes
|-damage|p1a: Victini|63/100|[from] Stealth Rock
|
|-heal|p2a: Blastoise|50/100 par|[from] item: Leftovers
|upkeep
|turn|17
|
|t:|1633299484
|move|p1a: Victini|V-create|p2a: Blastoise
|-resisted|p2a: Blastoise
|-damage|p2a: Blastoise|21/100 par
|-unboost|p1a: Victini|spe|1
|-unboost|p1a: Victini|def|1
|-unboost|p1a: Victini|spd|1
|move|p2a: Blastoise|Rapid Spin|p1a: Victini
|-damage|p1a: Victini|58/100
|-sideend|p2: LpZ IV|Spikes|[from] move: Rapid Spin|[of] p2a: Blastoise
|
|-heal|p2a: Blastoise|28/100 par|[from] item: Leftovers
|upkeep
|turn|18
|
|t:|1633299497
|switch|p1a: Roserade|Roserade, F|100/100
|-damage|p1a: Roserade|88/100|[from] Stealth Rock
|-damage|p1a: Roserade|76/100|[from] Spikes
|move|p2a: Blastoise|Scald|p1a: Roserade
|-resisted|p1a: Roserade
|-damage|p1a: Roserade|57/100
|
|-heal|p1a: Roserade|63/100|[from] item: Black Sludge
|-heal|p2a: Blastoise|34/100 par|[from] item: Leftovers
|upkeep
|turn|19
|inactive|LpZ IV has 240 seconds left.
|
|t:|1633299523
|switch|p2a: Crobat|Crobat, F|100/100
|move|p1a: Roserade|Spikes|p2a: Crobat
|-sidestart|p2: LpZ IV|Spikes
|
|-heal|p1a: Roserade|69/100|[from] item: Black Sludge
|upkeep
|turn|20
|
|t:|1633299529
|move|p2a: Crobat|Brave Bird|p1a: Roserade
|-supereffective|p1a: Roserade
|-damage|p1a: Roserade|0 fnt
|faint|p1a: Roserade
|-damage|p2a: Crobat|81/100|[from] Recoil
|
|-heal|p2a: Crobat|87/100|[from] item: Black Sludge
|upkeep
|
|t:|1633299533
|switch|p1a: Steelix|Steelix, M|62/100
|-damage|p1a: Steelix|49/100|[from] Spikes
|-damage|p1a: Steelix|46/100|[from] Stealth Rock
|turn|21
|c|+choolio IGLESIAS|what is this for
|inactive|LpZ IV has 240 seconds left.
|c|+avarice|bwpl
|inactive|LpZ IV has 210 seconds left.
|
|t:|1633299599
|switch|p2a: Bronzong|Bronzong|64/100
|move|p1a: Steelix|Stealth Rock|p2a: Bronzong
|-sidestart|p2: LpZ IV|move: Stealth Rock
|
|-heal|p2a: Bronzong|70/100|[from] item: Leftovers
|-heal|p1a: Steelix|52/100|[from] item: Leftovers
|upkeep
|turn|22
|
|t:|1633299612
|move|p2a: Bronzong|Earthquake|p1a: Steelix
|-supereffective|p1a: Steelix
|-damage|p1a: Steelix|32/100
|move|p1a: Steelix|Roar|p2a: Bronzong
|drag|p2a: Roserade|Roserade, F|100/100
|-damage|p2a: Roserade|88/100|[from] Spikes
|-damage|p2a: Roserade|76/100|[from] Stealth Rock
|
|-heal|p2a: Roserade|82/100|[from] item: Black Sludge
|-heal|p1a: Steelix|38/100|[from] item: Leftovers
|upkeep
|turn|23
|
|t:|1633299622
|move|p2a: Roserade|Spikes|p1a: Steelix
|-sidestart|p1: starmaster|Spikes
|move|p1a: Steelix|Roar|p2a: Roserade
|drag|p2a: Crobat|Crobat, F|87/100
|-damage|p2a: Crobat|62/100|[from] Stealth Rock
|
|-heal|p2a: Crobat|68/100|[from] item: Black Sludge
|-heal|p1a: Steelix|45/100|[from] item: Leftovers
|upkeep
|turn|24
|
|t:|1633299628
|switch|p2a: Bronzong|Bronzong|70/100
|-damage|p2a: Bronzong|64/100|[from] Stealth Rock
|move|p1a: Steelix|Earthquake|p2a: Bronzong
|-immune|p2a: Bronzong|[from] ability: Levitate
|
|-heal|p2a: Bronzong|70/100|[from] item: Leftovers
|-heal|p1a: Steelix|51/100|[from] item: Leftovers
|upkeep
|turn|25
|
|t:|1633299633
|move|p2a: Bronzong|Earthquake|p1a: Steelix
|-supereffective|p1a: Steelix
|-damage|p1a: Steelix|28/100
|move|p1a: Steelix|Roar|p2a: Bronzong
|drag|p2a: Blastoise|Blastoise, M|34/100 par
|-damage|p2a: Blastoise|21/100 par|[from] Stealth Rock
|-damage|p2a: Blastoise|9/100 par|[from] Spikes
|
|-heal|p1a: Steelix|34/100|[from] item: Leftovers
|-heal|p2a: Blastoise|15/100 par|[from] item: Leftovers
|upkeep
|turn|26
|inactive|LpZ IV has 210 seconds left.
|
|t:|1633299650
|switch|p2a: Bronzong|Bronzong|70/100
|-damage|p2a: Bronzong|64/100|[from] Stealth Rock
|move|p1a: Steelix|Earthquake|p2a: Bronzong
|-immune|p2a: Bronzong|[from] ability: Levitate
|
|-heal|p2a: Bronzong|70/100|[from] item: Leftovers
|-heal|p1a: Steelix|40/100|[from] item: Leftovers
|upkeep
|turn|27
|
|t:|1633299660
|switch|p1a: Snorlax|Snorlax, F|100/100
|-damage|p1a: Snorlax|88/100|[from] Stealth Rock
|-damage|p1a: Snorlax|71/100|[from] Spikes
|move|p2a: Bronzong|Earthquake|p1a: Snorlax
|-damage|p1a: Snorlax|53/100
|
|-heal|p2a: Bronzong|76/100|[from] item: Leftovers
|-heal|p1a: Snorlax|59/100|[from] item: Leftovers
|upkeep
|turn|28
|inactive|LpZ IV has 210 seconds left.
|
|t:|1633299674
|move|p2a: Bronzong|Toxic|p1a: Snorlax
|-status|p1a: Snorlax|tox
|move|p1a: Snorlax|Curse|p1a: Snorlax
|-unboost|p1a: Snorlax|spe|1
|-boost|p1a: Snorlax|atk|1
|-boost|p1a: Snorlax|def|1
|
|-heal|p2a: Bronzong|82/100|[from] item: Leftovers
|-heal|p1a: Snorlax|65/100 tox|[from] item: Leftovers
|-damage|p1a: Snorlax|59/100 tox|[from] psn
|upkeep
|turn|29
|inactive|LpZ IV has 210 seconds left.
|inactive|LpZ IV has 180 seconds left.
|inactive|LpZ IV has 150 seconds left.
|
|t:|1633299772
|switch|p2a: Blastoise|Blastoise, M|15/100 par
|-damage|p2a: Blastoise|2/100 par|[from] Spikes
|-damage|p2a: Blastoise|0 fnt|[from] Stealth Rock
|faint|p2a: Blastoise
|move|p1a: Snorlax|Rest|p1a: Snorlax
|-status|p1a: Snorlax|slp|[from] move: Rest
|-heal|p1a: Snorlax|100/100 slp|[silent]
|
|upkeep
|inactive|LpZ IV has 120 seconds left.
|inactive|LpZ IV has 90 seconds left.
|inactive|LpZ IV has 60 seconds left.
|
|t:|1633299855
|switch|p2a: Raikou|Raikou|100/100
|-damage|p2a: Raikou|88/100|[from] Spikes
|-damage|p2a: Raikou|76/100|[from] Stealth Rock
|-ability|p2a: Raikou|Pressure
|turn|30
|
|t:|1633299863
|move|p2a: Raikou|Thunderbolt|p1a: Snorlax
|-damage|p1a: Snorlax|76/100 slp
|cant|p1a: Snorlax|slp
|move|p1a: Snorlax|Sleep Talk|p1a: Snorlax
|move|p1a: Snorlax|Curse|p1a: Snorlax|[from]move: Sleep Talk
|-unboost|p1a: Snorlax|spe|1
|-boost|p1a: Snorlax|atk|1
|-boost|p1a: Snorlax|def|1
|
|-heal|p1a: Snorlax|82/100 slp|[from] item: Leftovers
|upkeep
|turn|31
|
|t:|1633299869
|move|p2a: Raikou|Thunderbolt|p1a: Snorlax
|-damage|p1a: Snorlax|58/100 slp
|cant|p1a: Snorlax|slp
|move|p1a: Snorlax|Sleep Talk|p1a: Snorlax
|move|p1a: Snorlax|Body Slam|p2a: Raikou|[from]move: Sleep Talk
|-damage|p2a: Raikou|0 fnt
|faint|p2a: Raikou
|
|-heal|p1a: Snorlax|64/100 slp|[from] item: Leftovers
|upkeep
|inactive|LpZ IV has 60 seconds left.
|inactive|LpZ IV has 30 seconds left.
|inactive|LpZ IV has 20 seconds left.
|inactive|LpZ IV has 15 seconds left.
|inactive|LpZ IV has 10 seconds left.
|
|t:|1633299938
|switch|p2a: Krookodile|Krookodile, F|65/100
|-damage|p2a: Krookodile|59/100|[from] Stealth Rock
|-damage|p2a: Krookodile|46/100|[from] Spikes
|-ability|p2a: Krookodile|Intimidate|boost
|-unboost|p1a: Snorlax|atk|1
|turn|32
|inactive|LpZ IV has 20 seconds left this turn.
|inactive|LpZ IV has 15 seconds left.
|
|t:|1633299945
|move|p2a: Krookodile|Earthquake|p1a: Snorlax
|-damage|p1a: Snorlax|45/100 slp
|-curestatus|p1a: Snorlax|slp|[msg]
|move|p1a: Snorlax|Body Slam|p2a: Krookodile
|-damage|p2a: Krookodile|0 fnt
|faint|p2a: Krookodile
|
|-heal|p1a: Snorlax|51/100|[from] item: Leftovers
|upkeep
|inactive|LpZ IV has 20 seconds left this turn.
|
|t:|1633299950
|switch|p2a: Crobat|Crobat, F|68/100
|-damage|p2a: Crobat|43/100|[from] Stealth Rock
|turn|33
|inactive|LpZ IV has 30 seconds left this turn.
|
|t:|1633299954
|move|p2a: Crobat|Brave Bird|p1a: Snorlax
|-damage|p1a: Snorlax|34/100
|-damage|p2a: Crobat|35/100|[from] Recoil
|move|p1a: Snorlax|Body Slam|p2a: Crobat
|-damage|p2a: Crobat|0 fnt
|faint|p2a: Crobat
|
|-heal|p1a: Snorlax|40/100|[from] item: Leftovers
|upkeep
|c|☆LpZ IV|gg
|c|☆starmaster|gg
|inactive|LpZ IV has 30 seconds left.
|-message|LpZ IV forfeited.
|
|win|starmaster
