|inactive|Battle timer is ON: inactive players will automatically lose when time's up.
|t:|1644175350
|gametype|singles
|player|p1|Sagiri I|#wcop2021spain|
|player|p2|gilbert arenas|#splxiiityrants|
|teamsize|p1|6
|teamsize|p2|6
|gen|5
|tier|[Gen 5] OU
|rule|Species Clause: Limit one of each Pokémon
|rule|OHKO Clause: OHKO moves are banned
|rule|Moody Clause: Moody is banned
|rule|Evasion Moves Clause: Evasion moves are banned
|rule|Endless Battle Clause: Forcing endless battles is banned
|rule|HP Percentage Mod: HP is shown in percentages
|rule|Evasion Abilities Clause: Evasion abilities are banned
|rule|Sleep Clause: Sleep-inducing moves are banned
|rule|Swagger Clause: Swagger is banned
|clearpoke
|poke|p1|Jirachi|item
|poke|p1|Terrakion|item
|poke|p1|Volcarona, F|item
|poke|p1|Breloom, F|item
|poke|p1|Starmie|item
|poke|p1|Dragonite, M|item
|poke|p2|Tyranitar, M|item
|poke|p2|Gliscor, M|item
|poke|p2|Reuniclus, M|item
|poke|p2|Skarmory, M|item
|poke|p2|Gastrodon-East, M|item
|poke|p2|Alakazam, M|item
|teampreview
|
|t:|1644175362
|start
|switch|p1a: Jirachi|Jirachi|100/100
|switch|p2a: Gliscor|Gliscor, M|100/100
|turn|1
|
|t:|1644175368
|move|p1a: Jirachi|Ice Punch|p2a: Gliscor
|-supereffective|p2a: Gliscor
|-damage|p2a: Gliscor|34/100
|move|p2a: Gliscor|Stealth Rock|p1a: Jirachi
|-sidestart|p1: Sagiri I|move: Stealth Rock
|
|-status|p2a: Gliscor|tox|[from] item: Toxic Orb
|upkeep
|turn|2
|
|t:|1644175373
|switch|p1a: Terrakion|Terrakion|100/100
|-damage|p1a: Terrakion|94/100|[from] Stealth Rock
|switch|p2a: Gastrodon|Gastrodon-East, M|100/100
|
|upkeep
|turn|3
|
|t:|1644175380
|move|p1a: Terrakion|Stealth Rock|p2a: Gastrodon
|-sidestart|p2: gilbert arenas|move: Stealth Rock
|move|p2a: Gastrodon|Earthquake|p1a: Terrakion
|-supereffective|p1a: Terrakion
|-damage|p1a: Terrakion|24/100
|
|upkeep
|turn|4
|
|t:|1644175389
|move|p1a: Terrakion|Close Combat|p2a: Gastrodon
|-damage|p2a: Gastrodon|58/100
|-unboost|p1a: Terrakion|def|1
|-unboost|p1a: Terrakion|spd|1
|move|p2a: Gastrodon|Earthquake|p1a: Terrakion
|-supereffective|p1a: Terrakion
|-damage|p1a: Terrakion|0 fnt
|faint|p1a: Terrakion
|
|-heal|p2a: Gastrodon|64/100|[from] item: Leftovers
|upkeep
|
|t:|1644175400
|switch|p1a: Breloom|Breloom, F|100/100
|-damage|p1a: Breloom|94/100|[from] Stealth Rock
|turn|5
|
|t:|1644175407
|move|p1a: Breloom|Low Sweep|p2a: Gastrodon
|-damage|p2a: Gastrodon|24/100
|-unboost|p2a: Gastrodon|spe|1
|move|p2a: Gastrodon|Ice Beam|p1a: Breloom
|-supereffective|p1a: Breloom
|-damage|p1a: Breloom|17/100
|
|-heal|p2a: Gastrodon|31/100|[from] item: Leftovers
|upkeep
|turn|6
|
|t:|1644175413
|switch|p2a: Skarmory|Skarmory, M|100/100
|-damage|p2a: Skarmory|88/100|[from] Stealth Rock
|move|p1a: Breloom|Low Sweep|p2a: Skarmory
|-damage|p2a: Skarmory|47/100
|-unboost|p2a: Skarmory|spe|1
|
|-heal|p2a: Skarmory|53/100|[from] item: Leftovers
|upkeep
|turn|7
|
|t:|1644175417
|switch|p1a: Starmie|Starmie|100/100
|-damage|p1a: Starmie|88/100|[from] Stealth Rock
|-item|p1a: Starmie|Air Balloon
|move|p2a: Skarmory|Secret Power|p1a: Starmie
|-damage|p1a: Starmie|67/100
|-status|p1a: Starmie|par
|-enditem|p1a: Starmie|Air Balloon
|
|-heal|p2a: Skarmory|59/100|[from] item: Leftovers
|upkeep
|turn|8
|
|t:|1644175430
|switch|p2a: Gliscor|Gliscor, M|34/100 tox
|-damage|p2a: Gliscor|21/100 tox|[from] Stealth Rock
|cant|p1a: Starmie|par
|
|-heal|p2a: Gliscor|34/100 tox|[from] ability: Poison Heal
|upkeep
|turn|9
|
|t:|1644175435
|move|p2a: Gliscor|Protect|p2a: Gliscor
|-singleturn|p2a: Gliscor|Protect
|move|p1a: Starmie|Rapid Spin|p2a: Gliscor
|-activate|p2a: Gliscor|move: Protect
|
|-heal|p2a: Gliscor|46/100 tox|[from] ability: Poison Heal
|upkeep
|turn|10
|
|t:|1644175440
|move|p2a: Gliscor|Earthquake|p1a: Starmie
|-damage|p1a: Starmie|19/100 par
|cant|p1a: Starmie|par
|
|-heal|p2a: Gliscor|59/100 tox|[from] ability: Poison Heal
|upkeep
|turn|11
|
|t:|1644175451
|switch|p1a: Jirachi|Jirachi|100/100
|-damage|p1a: Jirachi|94/100|[from] Stealth Rock
|move|p2a: Gliscor|U-turn|p1a: Jirachi
|-damage|p1a: Jirachi|79/100
|
|t:|1644175461
|switch|p2a: Tyranitar|Tyranitar, M|100/100|[from]move: U-turn
|-damage|p2a: Tyranitar|88/100|[from] Stealth Rock
|-weather|Sandstorm|[from] ability: Sand Stream|[of] p2a: Tyranitar
|
|-weather|Sandstorm|[upkeep]
|upkeep
|turn|12
|
|t:|1644175471
|switch|p2a: Skarmory|Skarmory, M|59/100
|-damage|p2a: Skarmory|47/100|[from] Stealth Rock
|move|p1a: Jirachi|Iron Head|p2a: Skarmory
|-resisted|p2a: Skarmory
|-damage|p2a: Skarmory|34/100
|
|-weather|Sandstorm|[upkeep]
|-heal|p2a: Skarmory|40/100|[from] item: Leftovers
|upkeep
|turn|13
|
|t:|1644175477
|switch|p1a: Breloom|Breloom, F|17/100
|-damage|p1a: Breloom|11/100|[from] Stealth Rock
|move|p2a: Skarmory|Roost|p2a: Skarmory
|-heal|p2a: Skarmory|90/100
|-singleturn|p2a: Skarmory|move: Roost
|
|-weather|Sandstorm|[upkeep]
|-damage|p1a: Breloom|5/100|[from] Sandstorm
|-heal|p2a: Skarmory|96/100|[from] item: Leftovers
|upkeep
|turn|14
|
|t:|1644175480
|switch|p1a: Jirachi|Jirachi|79/100
|-damage|p1a: Jirachi|73/100|[from] Stealth Rock
|move|p2a: Skarmory|Roost|p2a: Skarmory
|-heal|p2a: Skarmory|100/100
|-singleturn|p2a: Skarmory|move: Roost
|
|-weather|Sandstorm|[upkeep]
|upkeep
|turn|15
|
|t:|1644175486
|switch|p2a: Tyranitar|Tyranitar, M|88/100
|-damage|p2a: Tyranitar|76/100|[from] Stealth Rock
|move|p1a: Jirachi|Healing Wish|p1a: Jirachi
|faint|p1a: Jirachi
|
|-weather|Sandstorm|[upkeep]
|upkeep
|
|t:|1644175488
|switch|p1a: Starmie|Starmie|19/100 par
|-heal|p1a: Starmie|100/100|[from] move: Healing Wish
|-damage|p1a: Starmie|88/100|[from] Stealth Rock
|turn|16
|
|t:|1644175491
|move|p2a: Tyranitar|Crunch|p1a: Starmie
|-supereffective|p1a: Starmie
|-damage|p1a: Starmie|0 fnt
|faint|p1a: Starmie
|
|-weather|Sandstorm|[upkeep]
|upkeep
|c|☆gilbert arenas|gg
|
|t:|1644175494
|switch|p1a: Dragonite|Dragonite, M|100/100
|-damage|p1a: Dragonite|76/100|[from] Stealth Rock
|turn|17
|c|☆Sagiri I|gg
|
|t:|1644175505
|move|p2a: Tyranitar|Crunch|p1a: Dragonite
|-damage|p1a: Dragonite|28/100
|move|p1a: Dragonite|Dragon Dance|p1a: Dragonite
|-boost|p1a: Dragonite|atk|1
|-boost|p1a: Dragonite|spe|1
|
|-weather|Sandstorm|[upkeep]
|-damage|p1a: Dragonite|22/100|[from] Sandstorm
|upkeep
|turn|18
|
|t:|1644175512
|move|p1a: Dragonite|Outrage|p2a: Tyranitar
|-damage|p2a: Tyranitar|0 fnt
|faint|p2a: Tyranitar
|
|-weather|Sandstorm|[upkeep]
|-damage|p1a: Dragonite|16/100|[from] Sandstorm
|upkeep
|
|t:|1644175515
|switch|p2a: Skarmory|Skarmory, M|100/100
|-damage|p2a: Skarmory|88/100|[from] Stealth Rock
|turn|19
|
|t:|1644175517
|move|p1a: Dragonite|Outrage|p2a: Skarmory|[from]lockedmove
|-resisted|p2a: Skarmory
|-damage|p2a: Skarmory|51/100
|move|p2a: Skarmory|Whirlwind|p1a: Dragonite
|drag|p1a: Volcarona|Volcarona, F|100/100
|-damage|p1a: Volcarona|51/100|[from] Stealth Rock
|
|-weather|Sandstorm|[upkeep]
|-damage|p1a: Volcarona|45/100|[from] Sandstorm
|-heal|p2a: Skarmory|57/100|[from] item: Leftovers
|upkeep
|turn|20
|
|t:|1644175520
|move|p1a: Volcarona|Fire Blast|p2a: Skarmory
|-supereffective|p2a: Skarmory
|-damage|p2a: Skarmory|0 fnt
|faint|p2a: Skarmory
|
|-weather|Sandstorm|[upkeep]
|-damage|p1a: Volcarona|38/100|[from] Sandstorm
|upkeep
|
|t:|1644175523
|switch|p2a: Alakazam|Alakazam, M|100/100
|turn|21
|
|t:|1644175526
|move|p2a: Alakazam|Psychic|p1a: Volcarona
|-damage|p1a: Volcarona|0 fnt
|faint|p1a: Volcarona
|
|-weather|Sandstorm|[upkeep]
|upkeep
|-message|Sagiri I forfeited.
|
|win|gilbert arenas
