|inactive|Battle timer is ON: inactive players will automatically lose when time's up.
|t:|1633465172
|gametype|singles
|player|p1|Fant'sy Beast|265|
|player|p2|mushamu|acetrainerf-gen4|
|teamsize|p1|6
|teamsize|p2|6
|gen|5
|tier|[Gen 5] NU
|rule|Species Clause: Limit one of each Pokémon
|rule|OHKO Clause: OHKO moves are banned
|rule|Moody Clause: Moody is banned
|rule|Evasion Moves Clause: Evasion moves are banned
|rule|Endless Battle Clause: Forcing endless battles is banned
|rule|HP Percentage Mod: HP is shown in percentages
|rule|Evasion Abilities Clause: Evasion abilities are banned
|rule|Baton Pass Clause: Limit one Baton Passer, can't pass Spe and other stats simultaneously
|rule|Swagger Clause: Swagger is banned
|rule|Sleep Clause Mod: Limit one foe put to sleep
|clearpoke
|poke|p1|Alomomola, M|item
|poke|p1|Serperior, M|item
|poke|p1|Garbodor, M|item
|poke|p1|Mandibuzz, F|item
|poke|p1|Kangaskhan, F|item
|poke|p1|Misdreavus, M|item
|poke|p2|Primeape, M|item
|poke|p2|Alomomola, M|item
|poke|p2|Skuntank, F|item
|poke|p2|Piloswine, M|item
|poke|p2|Garbodor, F|item
|poke|p2|Misdreavus, F|item
|teampreview
|c|☆mushamu|hf
|c|☆Fant'sy Beast|hf
|inactive|mushamu has 270 seconds left.
|inactive|mushamu has 240 seconds left.
|
|t:|1633465235
|start
|switch|p1a: Kangaskhan|Kangaskhan, F|100/100
|switch|p2a: Skuntank|Skuntank, F|100/100
|turn|1
|
|t:|1633465240
|switch|p2a: Alomomola|Alomomola, M|100/100
|move|p1a: Kangaskhan|Fake Out|p2a: Alomomola
|-crit|p2a: Alomomola
|-damage|p2a: Alomomola|72/100
|
|upkeep
|turn|2
|
|t:|1633465246
|switch|p1a: Serperior|Serperior, M|100/100
|move|p2a: Alomomola|Wish|p2a: Alomomola
|
|upkeep
|turn|3
|
|t:|1633465250
|move|p1a: Serperior|Leech Seed|p2a: Alomomola
|-start|p2a: Alomomola|move: Leech Seed
|move|p2a: Alomomola|Toxic|p1a: Serperior|[miss]
|-miss|p2a: Alomomola|p1a: Serperior
|
|-heal|p2a: Alomomola|100/100|[from] move: Wish|[wisher] Alomomola
|-damage|p2a: Alomomola|88/100|[from] Leech Seed|[of] p1a: Serperior
|upkeep
|turn|4
|
|t:|1633465257
|switch|p2a: Garbodor|Garbodor, F|100/100
|move|p1a: Serperior|Substitute|p1a: Serperior
|-start|p1a: Serperior|Substitute
|-damage|p1a: Serperior|76/100
|
|-heal|p1a: Serperior|82/100|[from] item: Leftovers
|upkeep
|turn|5
|
|t:|1633465259
|move|p2a: Garbodor|Gunk Shot|p1a: Serperior
|-supereffective|p1a: Serperior
|-end|p1a: Serperior|Substitute
|move|p1a: Serperior|Leech Seed|p2a: Garbodor
|-start|p2a: Garbodor|move: Leech Seed
|
|-heal|p1a: Serperior|88/100|[from] item: Leftovers
|-damage|p2a: Garbodor|88/100|[from] Leech Seed|[of] p1a: Serperior
|-heal|p1a: Serperior|99/100|[silent]
|upkeep
|turn|6
|
|t:|1633465267
|switch|p2a: Piloswine|Piloswine, M|100/100
|switch|p1a: Alomomola|Alomomola, M|100/100
|
|upkeep
|turn|7
|
|t:|1633465274
|move|p1a: Alomomola|Toxic|p2a: Piloswine
|-status|p2a: Piloswine|tox
|move|p2a: Piloswine|Toxic|p1a: Alomomola
|-status|p1a: Alomomola|tox
|
|-damage|p1a: Alomomola|94/100 tox|[from] psn
|-damage|p2a: Piloswine|94/100 tox|[from] psn
|upkeep
|turn|8
|
|t:|1633465278
|switch|p2a: Alomomola|Alomomola, M|100/100
|move|p1a: Alomomola|Wish|p1a: Alomomola
|
|-heal|p1a: Alomomola|100/100 tox|[from] item: Leftovers
|-damage|p1a: Alomomola|88/100 tox|[from] psn
|upkeep
|turn|9
|
|t:|1633465285
|switch|p2a: Piloswine|Piloswine, M|94/100 tox
|move|p1a: Alomomola|Toxic|p2a: Piloswine
|-fail|p2a: Piloswine|tox
|
|-heal|p1a: Alomomola|100/100 tox|[from] move: Wish|[wisher] Alomomola
|-damage|p1a: Alomomola|82/100 tox|[from] psn
|-damage|p2a: Piloswine|88/100 tox|[from] psn
|upkeep
|turn|10
|
|t:|1633465297
|move|p1a: Alomomola|Wish|p1a: Alomomola
|move|p2a: Piloswine|Stealth Rock|p1a: Alomomola
|-sidestart|p1: Fant'sy Beast|move: Stealth Rock
|
|-heal|p1a: Alomomola|88/100 tox|[from] item: Leftovers
|-damage|p1a: Alomomola|63/100 tox|[from] psn
|-damage|p2a: Piloswine|76/100 tox|[from] psn
|upkeep
|turn|11
|
|t:|1633465317
|switch|p2a: Alomomola|Alomomola, M|100/100
|move|p1a: Alomomola|Toxic|p2a: Alomomola
|-status|p2a: Alomomola|tox
|
|-heal|p1a: Alomomola|100/100 tox|[from] move: Wish|[wisher] Alomomola
|-damage|p2a: Alomomola|94/100 tox|[from] psn
|-damage|p1a: Alomomola|69/100 tox|[from] psn
|upkeep
|turn|12
|
|t:|1633465323
|switch|p1a: Serperior|Serperior, M|99/100
|-damage|p1a: Serperior|87/100|[from] Stealth Rock
|move|p2a: Alomomola|Toxic|p1a: Serperior
|-status|p1a: Serperior|tox
|
|-heal|p1a: Serperior|93/100 tox|[from] item: Leftovers
|-damage|p1a: Serperior|87/100 tox|[from] psn
|-damage|p2a: Alomomola|82/100 tox|[from] psn
|upkeep
|turn|13
|
|t:|1633465328
|move|p1a: Serperior|Leech Seed|p2a: Alomomola
|-start|p2a: Alomomola|move: Leech Seed
|move|p2a: Alomomola|Wish|p2a: Alomomola
|
|-heal|p1a: Serperior|93/100 tox|[from] item: Leftovers
|-damage|p2a: Alomomola|69/100 tox|[from] Leech Seed|[of] p1a: Serperior
|-heal|p1a: Serperior|100/100 tox|[silent]
|-damage|p1a: Serperior|88/100 tox|[from] psn
|-damage|p2a: Alomomola|51/100 tox|[from] psn
|upkeep
|turn|14
|
|t:|1633465331
|switch|p1a: Misdreavus|Misdreavus, M|100/100
|-damage|p1a: Misdreavus|88/100|[from] Stealth Rock
|switch|p2a: Garbodor|Garbodor, F|88/100
|
|-heal|p2a: Garbodor|100/100|[from] move: Wish|[wisher] Alomomola
|upkeep
|turn|15
|
|t:|1633465336
|switch|p2a: Skuntank|Skuntank, F|100/100
|move|p1a: Misdreavus|Heal Bell|p1a: Misdreavus
|-activate|p1a: Misdreavus|move: Heal Bell
|-curestatus|p1: Alomomola|tox|[msg]
|-curestatus|p1: Serperior|tox|[msg]
|
|upkeep
|turn|16
|
|t:|1633465339
|-activate|p1a: Misdreavus|move: Pursuit
|move|p2a: Skuntank|Pursuit|p1a: Misdreavus|[from]Pursuit
|-supereffective|p1a: Misdreavus
|-damage|p1a: Misdreavus|3/100
|switch|p1a: Garbodor|Garbodor, M|100/100
|-damage|p1a: Garbodor|88/100|[from] Stealth Rock
|
|upkeep
|turn|17
|
|t:|1633465345
|move|p2a: Skuntank|Taunt|p1a: Garbodor
|-start|p1a: Garbodor|move: Taunt
|cant|p1a: Garbodor|move: Taunt|Spikes
|
|upkeep
|turn|18
|
|t:|1633465357
|switch|p2a: Misdreavus|Misdreavus, F|100/100
|move|p1a: Garbodor|Rock Blast|p2a: Misdreavus
|-damage|p2a: Misdreavus|93/100
|-damage|p2a: Misdreavus|86/100
|-damage|p2a: Misdreavus|78/100
|-hitcount|p2a: Misdreavus|3
|
|upkeep
|turn|19
|
|t:|1633465377
|move|p2a: Misdreavus|Shadow Ball|p1a: Garbodor
|-damage|p1a: Garbodor|54/100
|move|p1a: Garbodor|Rock Blast|p2a: Misdreavus
|-damage|p2a: Misdreavus|70/100
|-damage|p2a: Misdreavus|63/100
|-damage|p2a: Misdreavus|55/100
|-damage|p2a: Misdreavus|47/100
|-damage|p2a: Misdreavus|40/100
|-hitcount|p2a: Misdreavus|5
|
|-end|p1a: Garbodor|move: Taunt
|upkeep
|turn|20
|
|t:|1633465389
|switch|p2a: Primeape|Primeape, M|100/100
|move|p1a: Garbodor|Spikes|p2a: Primeape
|-sidestart|p2: mushamu|Spikes
|
|upkeep
|turn|21
|
|t:|1633465391
|move|p2a: Primeape|Earthquake|p1a: Garbodor
|-supereffective|p1a: Garbodor
|-crit|p1a: Garbodor
|-damage|p1a: Garbodor|0 fnt
|faint|p1a: Garbodor
|
|upkeep
|
|t:|1633465396
|switch|p1a: Alomomola|Alomomola, M|100/100
|-damage|p1a: Alomomola|88/100|[from] Stealth Rock
|turn|22
|
|t:|1633465418
|switch|p2a: Alomomola|Alomomola, M|84/100 tox
|-damage|p2a: Alomomola|71/100 tox|[from] Spikes
|move|p1a: Alomomola|Waterfall|p2a: Alomomola
|-resisted|p2a: Alomomola
|-damage|p2a: Alomomola|63/100 tox
|
|-heal|p1a: Alomomola|94/100|[from] item: Leftovers
|-damage|p2a: Alomomola|57/100 tox|[from] psn
|upkeep
|turn|23
|
|t:|1633465425
|move|p1a: Alomomola|Protect|p1a: Alomomola
|-singleturn|p1a: Alomomola|Protect
|move|p2a: Alomomola|Wish|p2a: Alomomola
|
|-heal|p1a: Alomomola|100/100|[from] item: Leftovers
|-damage|p2a: Alomomola|44/100 tox|[from] psn
|upkeep
|turn|24
|
|t:|1633465436
|switch|p2a: Misdreavus|Misdreavus, F|40/100
|switch|p1a: Misdreavus|Misdreavus, M|3/100
|-damage|p1a: Misdreavus|0 fnt|[from] Stealth Rock
|faint|p1a: Misdreavus
|
|-heal|p2a: Misdreavus|100/100|[from] move: Wish|[wisher] Alomomola
|upkeep
|
|t:|1633465453
|switch|p1a: Kangaskhan|Kangaskhan, F|100/100
|-damage|p1a: Kangaskhan|88/100|[from] Stealth Rock
|turn|25
|
|t:|1633465463
|move|p1a: Kangaskhan|Double-Edge|p2a: Misdreavus
|-damage|p2a: Misdreavus|22/100
|-damage|p1a: Kangaskhan|69/100|[from] Recoil
|move|p2a: Misdreavus|Thunderbolt|p1a: Kangaskhan
|-damage|p1a: Kangaskhan|39/100
|
|upkeep
|turn|26
|
|t:|1633465468
|move|p1a: Kangaskhan|Double-Edge|p2a: Misdreavus
|-crit|p2a: Misdreavus
|-damage|p2a: Misdreavus|0 fnt
|faint|p2a: Misdreavus
|-damage|p1a: Kangaskhan|34/100|[from] Recoil
|
|upkeep
|
|t:|1633465477
|switch|p2a: Primeape|Primeape, M|100/100
|-damage|p2a: Primeape|88/100|[from] Spikes
|turn|27
|
|t:|1633465482
|switch|p1a: Mandibuzz|Mandibuzz, F|100/100
|-damage|p1a: Mandibuzz|76/100|[from] Stealth Rock
|move|p2a: Primeape|Close Combat|p1a: Mandibuzz
|-damage|p1a: Mandibuzz|28/100
|-unboost|p2a: Primeape|def|1
|-unboost|p2a: Primeape|spd|1
|
|-heal|p1a: Mandibuzz|34/100|[from] item: Leftovers
|upkeep
|turn|28
|
|t:|1633465490
|move|p2a: Primeape|Close Combat|p1a: Mandibuzz
|-damage|p1a: Mandibuzz|0 fnt
|-unboost|p2a: Primeape|def|1
|-unboost|p2a: Primeape|spd|1
|faint|p1a: Mandibuzz
|
|upkeep
|
|t:|1633465493
|switch|p1a: Serperior|Serperior, M|88/100
|-damage|p1a: Serperior|76/100|[from] Stealth Rock
|turn|29
|
|t:|1633465496
|move|p1a: Serperior|Giga Drain|p2a: Primeape
|-damage|p2a: Primeape|22/100
|-heal|p1a: Serperior|100/100|[from] drain|[of] p2a: Primeape
|move|p2a: Primeape|Close Combat|p1a: Serperior
|-damage|p1a: Serperior|25/100
|-unboost|p2a: Primeape|def|1
|-unboost|p2a: Primeape|spd|1
|
|-heal|p1a: Serperior|31/100|[from] item: Leftovers
|upkeep
|turn|30
|
|t:|1633465502
|move|p1a: Serperior|Leech Seed|p2a: Primeape|[miss]
|-miss|p1a: Serperior|p2a: Primeape
|move|p2a: Primeape|Close Combat|p1a: Serperior
|-damage|p1a: Serperior|0 fnt
|-unboost|p2a: Primeape|def|1
|-unboost|p2a: Primeape|spd|1
|faint|p1a: Serperior
|
|upkeep
|
|t:|1633465505
|switch|p1a: Kangaskhan|Kangaskhan, F|34/100
|-damage|p1a: Kangaskhan|22/100|[from] Stealth Rock
|turn|31
|
|t:|1633465508
|move|p1a: Kangaskhan|Fake Out|p2a: Primeape
|-damage|p2a: Primeape|0 fnt
|faint|p2a: Primeape
|
|upkeep
|
|t:|1633465512
|switch|p2a: Garbodor|Garbodor, F|100/100
|-damage|p2a: Garbodor|88/100|[from] Spikes
|turn|32
|
|t:|1633465514
|move|p2a: Garbodor|Explosion|p1a: Kangaskhan
|-damage|p1a: Kangaskhan|0 fnt
|faint|p2a: Garbodor
|faint|p1a: Kangaskhan
|
|upkeep
|c|☆Fant'sy Beast|ggs
|
|t:|1633465521
|switch|p1a: Alomomola|Alomomola, M|100/100
|switch|p2a: Alomomola|Alomomola, M|78/100 tox
|-damage|p2a: Alomomola|65/100 tox|[from] Spikes
|-damage|p1a: Alomomola|88/100|[from] Stealth Rock
|turn|33
|c|☆mushamu|ggs
|
|t:|1633465524
|move|p2a: Alomomola|Toxic|p1a: Alomomola
|-status|p1a: Alomomola|tox
|move|p1a: Alomomola|Waterfall|p2a: Alomomola
|-resisted|p2a: Alomomola
|-crit|p2a: Alomomola
|-damage|p2a: Alomomola|48/100 tox
|
|-heal|p1a: Alomomola|94/100 tox|[from] item: Leftovers
|-damage|p2a: Alomomola|41/100 tox|[from] psn
|-damage|p1a: Alomomola|88/100 tox|[from] psn
|upkeep
|turn|34
|
|t:|1633465526
|switch|p2a: Skuntank|Skuntank, F|100/100
|-damage|p2a: Skuntank|88/100|[from] Spikes
|move|p1a: Alomomola|Waterfall|p2a: Skuntank
|-damage|p2a: Skuntank|58/100
|
|-heal|p1a: Alomomola|94/100 tox|[from] item: Leftovers
|-damage|p1a: Alomomola|82/100 tox|[from] psn
|upkeep
|turn|35
|
|t:|1633465528
|move|p2a: Skuntank|Taunt|p1a: Alomomola
|-start|p1a: Alomomola|move: Taunt
|move|p1a: Alomomola|Waterfall|p2a: Skuntank
|-damage|p2a: Skuntank|30/100
|
|-heal|p1a: Alomomola|88/100 tox|[from] item: Leftovers
|-damage|p1a: Alomomola|69/100 tox|[from] psn
|upkeep
|turn|36
|
|t:|1633465530
|move|p2a: Skuntank|Crunch|p1a: Alomomola
|-damage|p1a: Alomomola|50/100 tox
|move|p1a: Alomomola|Waterfall|p2a: Skuntank
|-damage|p2a: Skuntank|0 fnt
|-damage|p1a: Alomomola|25/100 tox|[from] ability: Aftermath|[of] p2a: Skuntank
|faint|p2a: Skuntank
|
|-heal|p1a: Alomomola|31/100 tox|[from] item: Leftovers
|-damage|p1a: Alomomola|6/100 tox|[from] psn
|upkeep
|
|t:|1633465532
|switch|p2a: Piloswine|Piloswine, M|76/100 tox
|-damage|p2a: Piloswine|63/100 tox|[from] Spikes
|turn|37
|
|t:|1633465533
|move|p1a: Alomomola|Waterfall|p2a: Piloswine
|-supereffective|p2a: Piloswine
|-damage|p2a: Piloswine|34/100 tox
|move|p2a: Piloswine|Earthquake|p1a: Alomomola
|-damage|p1a: Alomomola|0 fnt
|faint|p1a: Alomomola
|
|win|mushamu
