|inactive|Battle timer is ON: inactive players will automatically lose when time's up.
|t:|1639965728
|gametype|singles
|player|p1|mentalsoft|lance-gen3|
|player|p2|levi|preschooler|
|teamsize|p1|6
|teamsize|p2|6
|gen|5
|tier|[Gen 5] LC
|rule|Species Clause: Limit one of each Pokémon
|rule|OHKO Clause: OHKO moves are banned
|rule|Moody Clause: Moody is banned
|rule|Evasion Moves Clause: Evasion moves are banned
|rule|Endless Battle Clause: Forcing endless battles is banned
|rule|HP Percentage Mod: HP is shown in percentages
|rule|Sleep Clause: Sleep-inducing moves are banned
|clearpoke
|poke|p1|Gastly, L5, M|item
|poke|p1|Timburr, L5, F|item
|poke|p1|Bronzor, L5|item
|poke|p1|Stunky, L5, F|item
|poke|p1|Porygon, L5|item
|poke|p1|Staryu, L5|item
|poke|p2|Lileep, L5, F|item
|poke|p2|Hippopotas, L5, M|item
|poke|p2|Frillish, L5, F|item
|poke|p2|Natu, L5, M|item
|poke|p2|Diglett, L5, M|item
|poke|p2|Bronzor, L5|item
|teampreview
|c|☆levi|glhf 
|c|☆mentalsoft|u2
|inactive|mentalsoft has 270 seconds left.
|inactive|levi has 270 seconds left.
|
|t:|1639965785
|start
|switch|p1a: Staryu|Staryu, L5|100/100
|switch|p2a: Hippopotas|Hippopotas, L5, M|100/100
|-weather|Sandstorm|[from] ability: Sand Stream|[of] p2a: Hippopotas
|turn|1
|
|t:|1639965811
|switch|p2a: Lileep|Lileep, L5, F|100/100
|move|p1a: Staryu|Scald|p2a: Lileep
|-ability|p2a: Lileep|Storm Drain|boost
|-boost|p2a: Lileep|spa|1
|
|-weather|Sandstorm|[upkeep]
|-damage|p1a: Staryu|96/100|[from] Sandstorm
|upkeep
|turn|2
|
|t:|1639965817
|switch|p1a: Bronzor|Bronzor, L5|100/100
|move|p2a: Lileep|Toxic|p1a: Bronzor
|-immune|p1a: Bronzor
|
|-weather|Sandstorm|[upkeep]
|upkeep
|turn|3
|
|t:|1639965827
|switch|p2a: Natu|Natu, L5, M|100/100
|move|p1a: Bronzor|Psychic|p2a: Natu
|-resisted|p2a: Natu
|-damage|p2a: Natu|86/100
|
|-weather|Sandstorm|[upkeep]
|-damage|p2a: Natu|81/100|[from] Sandstorm
|upkeep
|turn|4
|
|t:|1639965852
|switch|p2a: Hippopotas|Hippopotas, L5, M|100/100
|switch|p1a: Porygon|Porygon, L5|100/100
|-ability|p1a: Porygon|Sand Stream|[from] ability: Trace|[of] p2a: Hippopotas
|
|-weather|Sandstorm|[upkeep]
|-damage|p1a: Porygon|97/100|[from] Sandstorm
|upkeep
|turn|5
|inactive|mentalsoft has 270 seconds left.
|
|t:|1639965884
|move|p1a: Porygon|Ice Beam|p2a: Hippopotas
|-supereffective|p2a: Hippopotas
|-damage|p2a: Hippopotas|52/100
|move|p2a: Hippopotas|Stealth Rock|p1a: Porygon
|-sidestart|p1: mentalsoft|move: Stealth Rock
|
|-weather|Sandstorm|[upkeep]
|-damage|p1a: Porygon|93/100|[from] Sandstorm
|upkeep
|turn|6
|
|t:|1639965903
|switch|p2a: Frillish|Frillish, L5, F|100/100
|move|p1a: Porygon|Ice Beam|p2a: Frillish
|-resisted|p2a: Frillish
|-damage|p2a: Frillish|87/100
|
|-weather|Sandstorm|[upkeep]
|-damage|p2a: Frillish|83/100|[from] Sandstorm
|-damage|p1a: Porygon|89/100|[from] Sandstorm
|upkeep
|turn|7
|inactive|mentalsoft has 240 seconds left.
|inactive|mentalsoft disconnected and has 300 seconds to reconnect!
|player|p1|
|inactive|mentalsoft has 270 seconds to reconnect!
|inactive|mentalsoft has 240 seconds to reconnect!
|inactive|mentalsoft reconnected and has 240 seconds left.
|player|p1|mentalsoft|lance-gen3
|c|+wesh papillon|go canada! 
|
|t:|1639966011
|move|p2a: Frillish|Taunt|p1a: Porygon
|-start|p1a: Porygon|move: Taunt
|move|p1a: Porygon|Psychic|p2a: Frillish
|-damage|p2a: Frillish|61/100
|
|-weather|Sandstorm|[upkeep]
|-damage|p2a: Frillish|57/100|[from] Sandstorm
|-damage|p1a: Porygon|85/100|[from] Sandstorm
|upkeep
|turn|8
|inactive|mentalsoft has 240 seconds left.
|inactive|mentalsoft has 210 seconds left.
|
|t:|1639966051
|switch|p1a: Staryu|Staryu, L5|96/100
|-damage|p1a: Staryu|86/100|[from] Stealth Rock
|move|p2a: Frillish|Recover|p2a: Frillish
|-heal|p2a: Frillish|100/100
|
|-weather|Sandstorm|[upkeep]
|-damage|p1a: Staryu|81/100|[from] Sandstorm
|-damage|p2a: Frillish|96/100|[from] Sandstorm
|upkeep
|turn|9
|inactive|mentalsoft has 210 seconds left.
|
|t:|1639966062
|switch|p2a: Lileep|Lileep, L5, F|100/100
|move|p1a: Staryu|Thunder Wave|p2a: Lileep
|-status|p2a: Lileep|par
|
|-weather|Sandstorm|[upkeep]
|-damage|p1a: Staryu|77/100|[from] Sandstorm
|upkeep
|turn|10
|inactive|mentalsoft has 210 seconds left.
|
|t:|1639966076
|switch|p1a: Bronzor|Bronzor, L5|100/100
|-damage|p1a: Bronzor|96/100|[from] Stealth Rock
|switch|p2a: Frillish|Frillish, L5, F|96/100
|
|-weather|Sandstorm|[upkeep]
|-damage|p2a: Frillish|92/100|[from] Sandstorm
|upkeep
|turn|11
|inactive|mentalsoft has 210 seconds left.
|
|t:|1639966088
|move|p2a: Frillish|Will-O-Wisp|p1a: Bronzor
|-status|p1a: Bronzor|brn
|move|p1a: Bronzor|Psychic|p2a: Frillish
|-damage|p2a: Frillish|74/100
|
|-weather|Sandstorm|[upkeep]
|-damage|p2a: Frillish|70/100|[from] Sandstorm
|-damage|p1a: Bronzor|84/100 brn|[from] brn
|upkeep
|turn|12
|inactive|mentalsoft has 210 seconds left.
|inactive|mentalsoft has 180 seconds left.
|
|t:|1639966139
|switch|p1a: Timburr|Timburr, L5, F|100/100
|-damage|p1a: Timburr|96/100|[from] Stealth Rock
|move|p2a: Frillish|Taunt|p1a: Timburr
|-start|p1a: Timburr|move: Taunt
|
|-weather|Sandstorm|[upkeep]
|-damage|p2a: Frillish|66/100|[from] Sandstorm
|-damage|p1a: Timburr|92/100|[from] Sandstorm
|upkeep
|turn|13
|
|t:|1639966154
|switch|p2a: Hippopotas|Hippopotas, L5, M|52/100
|move|p1a: Timburr|Payback|p2a: Hippopotas
|-damage|p2a: Hippopotas|40/100
|
|-weather|Sandstorm|[upkeep]
|-damage|p1a: Timburr|88/100|[from] Sandstorm
|upkeep
|turn|14
|inactive|mentalsoft has 180 seconds left.
|
|t:|1639966185
|switch|p1a: Bronzor|Bronzor, L5|84/100 brn
|-damage|p1a: Bronzor|80/100 brn|[from] Stealth Rock
|move|p2a: Hippopotas|Slack Off|p2a: Hippopotas
|-heal|p2a: Hippopotas|92/100
|
|-weather|Sandstorm|[upkeep]
|-damage|p1a: Bronzor|68/100 brn|[from] brn
|upkeep
|turn|15
|
|t:|1639966193
|switch|p2a: Natu|Natu, L5, M|81/100
|switch|p1a: Stunky|Stunky, L5, F|100/100
|-damage|p1a: Stunky|92/100|[from] Stealth Rock
|
|-weather|Sandstorm|[upkeep]
|-damage|p1a: Stunky|87/100|[from] Sandstorm
|-damage|p2a: Natu|77/100|[from] Sandstorm
|upkeep
|turn|16
|
|t:|1639966202
|move|p1a: Stunky|Pursuit|p2a: Natu
|-supereffective|p2a: Natu
|-damage|p2a: Natu|39/100
|move|p2a: Natu|Roost|p2a: Natu
|-heal|p2a: Natu|91/100
|-singleturn|p2a: Natu|move: Roost
|
|-weather|Sandstorm|[upkeep]
|-damage|p1a: Stunky|83/100|[from] Sandstorm
|-damage|p2a: Natu|86/100|[from] Sandstorm
|upkeep
|turn|17
|
|t:|1639966214
|-activate|p2a: Natu|move: Pursuit
|move|p1a: Stunky|Pursuit|p2a: Natu|[from]Pursuit
|-supereffective|p2a: Natu
|-damage|p2a: Natu|0 fnt
|faint|p2a: Natu
|-hint|A Pokemon can't switch between when it runs out of HP and when it faints
|
|-weather|Sandstorm|[upkeep]
|-damage|p1a: Stunky|79/100|[from] Sandstorm
|upkeep
|
|t:|1639966218
|switch|p2a: Diglett|Diglett, L5, M|100/100
|turn|18
|inactive|mentalsoft has 180 seconds left.
|inactive|mentalsoft disconnected and has 220 seconds to reconnect!
|player|p1|
|inactive|mentalsoft has 210 seconds to reconnect!
|inactive|mentalsoft has 180 seconds to reconnect!
|inactive|mentalsoft reconnected and has 170 seconds left.
|player|p1|mentalsoft|lance-gen3
|
|t:|1639966281
|switch|p1a: Bronzor|Bronzor, L5|68/100 brn
|-damage|p1a: Bronzor|64/100 brn|[from] Stealth Rock
|move|p2a: Diglett|Substitute|p2a: Diglett
|-start|p2a: Diglett|Substitute
|-damage|p2a: Diglett|78/100
|
|-weather|Sandstorm|[upkeep]
|-damage|p1a: Bronzor|52/100 brn|[from] brn
|upkeep
|turn|19
|
|t:|1639966291
|move|p2a: Diglett|Rock Slide|p1a: Bronzor
|-resisted|p1a: Bronzor
|-damage|p1a: Bronzor|36/100 brn
|-enditem|p1a: Bronzor|Oran Berry|[eat]
|-heal|p1a: Bronzor|76/100 brn|[from] item: Oran Berry
|-damage|p2a: Diglett|73/100|[from] item: Life Orb
|move|p1a: Bronzor|Recycle|p1a: Bronzor
|-item|p1a: Bronzor|Oran Berry|[from] move: Recycle
|
|-weather|Sandstorm|[upkeep]
|-damage|p1a: Bronzor|64/100 brn|[from] brn
|upkeep
|turn|20
|
|t:|1639966311
|switch|p2a: Bronzor|Bronzor, L5|100/100
|move|p1a: Bronzor|Stealth Rock|p2a: Bronzor
|-sidestart|p2: levi|move: Stealth Rock
|
|-weather|Sandstorm|[upkeep]
|-damage|p1a: Bronzor|52/100 brn|[from] brn
|upkeep
|turn|21
|inactive|mentalsoft has 150 seconds left.
|
|t:|1639966331
|switch|p1a: Stunky|Stunky, L5, F|79/100
|-damage|p1a: Stunky|70/100|[from] Stealth Rock
|move|p2a: Bronzor|Calm Mind|p2a: Bronzor
|-boost|p2a: Bronzor|spa|1
|-boost|p2a: Bronzor|spd|1
|
|-weather|Sandstorm|[upkeep]
|-damage|p1a: Stunky|66/100|[from] Sandstorm
|upkeep
|turn|22
|
|t:|1639966339
|move|p1a: Stunky|Crunch|p2a: Bronzor
|-damage|p2a: Bronzor|76/100
|move|p2a: Bronzor|Calm Mind|p2a: Bronzor
|-boost|p2a: Bronzor|spa|1
|-boost|p2a: Bronzor|spd|1
|
|-weather|Sandstorm|[upkeep]
|-damage|p1a: Stunky|61/100|[from] Sandstorm
|upkeep
|turn|23
|inactive|mentalsoft has 150 seconds left.
|
|t:|1639966382
|move|p1a: Stunky|Crunch|p2a: Bronzor
|-damage|p2a: Bronzor|52/100
|-unboost|p2a: Bronzor|def|1
|move|p2a: Bronzor|Flash Cannon|p1a: Stunky
|-damage|p1a: Stunky|0 fnt
|faint|p1a: Stunky
|
|-weather|Sandstorm|[upkeep]
|upkeep
|inactive|mentalsoft has 120 seconds left.
|
|t:|1639966409
|switch|p1a: Staryu|Staryu, L5|77/100
|-damage|p1a: Staryu|67/100|[from] Stealth Rock
|turn|24
|
|t:|1639966420
|move|p1a: Staryu|Scald|p2a: Bronzor
|-damage|p2a: Bronzor|40/100
|-status|p2a: Bronzor|brn
|move|p2a: Bronzor|Rest|p2a: Bronzor
|-status|p2a: Bronzor|slp|[from] move: Rest
|-heal|p2a: Bronzor|100/100 slp|[silent]
|
|-weather|Sandstorm|[upkeep]
|-damage|p1a: Staryu|62/100|[from] Sandstorm
|upkeep
|turn|25
|inactive|mentalsoft has 120 seconds left.
|
|t:|1639966433
|move|p1a: Staryu|Rapid Spin|p2a: Bronzor
|-resisted|p2a: Bronzor
|-crit|p2a: Bronzor
|-damage|p2a: Bronzor|96/100 slp
|-sideend|p1: mentalsoft|Stealth Rock|[from] move: Rapid Spin|[of] p1a: Staryu
|cant|p2a: Bronzor|slp
|move|p2a: Bronzor|Sleep Talk|p2a: Bronzor
|move|p2a: Bronzor|Flash Cannon|p1a: Staryu|[from]move: Sleep Talk
|-resisted|p1a: Staryu
|-crit|p1a: Staryu
|-damage|p1a: Staryu|15/100
|
|-weather|Sandstorm|[upkeep]
|-damage|p1a: Staryu|10/100|[from] Sandstorm
|upkeep
|turn|26
|inactive|mentalsoft has 120 seconds left.
|
|t:|1639966442
|move|p1a: Staryu|Recover|p1a: Staryu
|-heal|p1a: Staryu|62/100
|cant|p2a: Bronzor|slp
|move|p2a: Bronzor|Sleep Talk|p2a: Bronzor
|move|p2a: Bronzor|Rest||[from]move: Sleep Talk|[still]
|-fail|p2a: Bronzor
|
|-weather|Sandstorm|[upkeep]
|-damage|p1a: Staryu|58/100|[from] Sandstorm
|upkeep
|turn|27
|inactive|mentalsoft has 120 seconds left.
|
|t:|1639966466
|move|p1a: Staryu|Recover|p1a: Staryu
|-heal|p1a: Staryu|100/100
|-curestatus|p2a: Bronzor|slp|[msg]
|move|p2a: Bronzor|Calm Mind|p2a: Bronzor
|-boost|p2a: Bronzor|spa|1
|-boost|p2a: Bronzor|spd|1
|
|-weather|Sandstorm|[upkeep]
|-damage|p1a: Staryu|96/100|[from] Sandstorm
|upkeep
|turn|28
|
|t:|1639966484
|move|p1a: Staryu|Scald|p2a: Bronzor
|-damage|p2a: Bronzor|84/100
|move|p2a: Bronzor|Calm Mind|p2a: Bronzor
|-boost|p2a: Bronzor|spa|1
|-boost|p2a: Bronzor|spd|1
|
|-weather|Sandstorm|[upkeep]
|-damage|p1a: Staryu|91/100|[from] Sandstorm
|upkeep
|turn|29
|
|t:|1639966499
|move|p1a: Staryu|Scald|p2a: Bronzor
|-damage|p2a: Bronzor|72/100
|-status|p2a: Bronzor|brn
|move|p2a: Bronzor|Calm Mind|p2a: Bronzor
|-boost|p2a: Bronzor|spa|1
|-boost|p2a: Bronzor|spd|1
|
|-weather|Sandstorm|[upkeep]
|-damage|p1a: Staryu|86/100|[from] Sandstorm
|-damage|p2a: Bronzor|60/100 brn|[from] brn
|upkeep
|turn|30
|inactive|mentalsoft has 90 seconds left.
|
|t:|1639966534
|move|p1a: Staryu|Scald|p2a: Bronzor
|-crit|p2a: Bronzor
|-damage|p2a: Bronzor|8/100 brn
|move|p2a: Bronzor|Flash Cannon|p1a: Staryu
|-resisted|p1a: Staryu
|-damage|p1a: Staryu|48/100
|
|-weather|Sandstorm|[upkeep]
|-damage|p1a: Staryu|43/100|[from] Sandstorm
|-damage|p2a: Bronzor|0 fnt|[from] brn
|faint|p2a: Bronzor
|upkeep
|
|t:|1639966548
|switch|p2a: Diglett|Diglett, L5, M|73/100
|-damage|p2a: Diglett|67/100|[from] Stealth Rock
|turn|31
|c|☆mentalsoft|sry
|c|☆levi|its ok
|inactive|mentalsoft has 90 seconds left.
|
|t:|1639966564
|move|p2a: Diglett|Rock Slide|p1a: Staryu
|-damage|p1a: Staryu|5/100
|-damage|p2a: Diglett|62/100|[from] item: Life Orb
|move|p1a: Staryu|Scald|p2a: Diglett
|-supereffective|p2a: Diglett
|-damage|p2a: Diglett|0 fnt
|faint|p2a: Diglett
|
|-weather|Sandstorm|[upkeep]
|-damage|p1a: Staryu|0 fnt|[from] Sandstorm
|faint|p1a: Staryu
|upkeep
|inactive|mentalsoft has 90 seconds left.
|
|t:|1639966587
|switch|p2a: Hippopotas|Hippopotas, L5, M|92/100
|switch|p1a: Timburr|Timburr, L5, F|88/100
|-damage|p2a: Hippopotas|88/100|[from] Stealth Rock
|turn|32
|
|t:|1639966602
|move|p1a: Timburr|Bulk Up|p1a: Timburr
|-boost|p1a: Timburr|atk|1
|-boost|p1a: Timburr|def|1
|move|p2a: Hippopotas|Earthquake|p1a: Timburr
|-damage|p1a: Timburr|63/100
|
|-weather|Sandstorm|[upkeep]
|-damage|p1a: Timburr|59/100|[from] Sandstorm
|upkeep
|turn|33
|
|t:|1639966608
|move|p2a: Hippopotas|Earthquake|p1a: Timburr
|-damage|p1a: Timburr|30/100
|move|p1a: Timburr|Drain Punch|p2a: Hippopotas
|-damage|p2a: Hippopotas|52/100
|-heal|p1a: Timburr|50/100|[from] drain|[of] p2a: Hippopotas
|
|-weather|Sandstorm|[upkeep]
|-damage|p1a: Timburr|46/100|[from] Sandstorm
|upkeep
|turn|34
|
|t:|1639966616
|move|p1a: Timburr|Drain Punch|p2a: Hippopotas
|-damage|p2a: Hippopotas|16/100
|-heal|p1a: Timburr|67/100|[from] drain|[of] p2a: Hippopotas
|move|p2a: Hippopotas|Earthquake|p1a: Timburr
|-damage|p1a: Timburr|42/100
|
|-weather|Sandstorm|[upkeep]
|-damage|p1a: Timburr|38/100|[from] Sandstorm
|upkeep
|turn|35
|inactive|mentalsoft has 90 seconds left.
|inactive|mentalsoft has 60 seconds left.
|
|t:|1639966655
|move|p1a: Timburr|Drain Punch|p2a: Hippopotas
|-damage|p2a: Hippopotas|0 fnt
|-heal|p1a: Timburr|46/100|[from] drain|[of] p2a: Hippopotas
|faint|p2a: Hippopotas
|
|-weather|Sandstorm|[upkeep]
|-damage|p1a: Timburr|42/100|[from] Sandstorm
|upkeep
|inactive|mentalsoft disconnected and has 180 seconds to reconnect!
|player|p1|
|
|t:|1639966659
|switch|p2a: Frillish|Frillish, L5, F|66/100
|-damage|p2a: Frillish|57/100|[from] Stealth Rock
|turn|36
|inactive|mentalsoft reconnected and has 75 seconds left.
|player|p1|mentalsoft|lance-gen3
|inactive|mentalsoft has 60 seconds left.
|inactive|levi has 270 seconds left.
|
|t:|1639966716
|switch|p1a: Bronzor|Bronzor, L5|52/100 brn
|move|p2a: Frillish|Recover|p2a: Frillish
|-heal|p2a: Frillish|100/100
|
|-weather|Sandstorm|[upkeep]
|-damage|p2a: Frillish|96/100|[from] Sandstorm
|-damage|p1a: Bronzor|40/100 brn|[from] brn
|upkeep
|-enditem|p1a: Bronzor|Oran Berry|[eat]
|-heal|p1a: Bronzor|80/100 brn|[from] item: Oran Berry
|turn|37
|inactive|levi has 240 seconds left.
|
|t:|1639966734
|move|p2a: Frillish|Taunt|p1a: Bronzor
|-start|p1a: Bronzor|move: Taunt
|move|p1a: Bronzor|Psychic|p2a: Frillish
|-damage|p2a: Frillish|79/100
|
|-weather|Sandstorm|[upkeep]
|-damage|p2a: Frillish|74/100|[from] Sandstorm
|-damage|p1a: Bronzor|68/100 brn|[from] brn
|upkeep
|turn|38
|
|t:|1639966745
|move|p2a: Frillish|Scald|p1a: Bronzor
|-damage|p1a: Bronzor|40/100 brn
|move|p1a: Bronzor|Psychic|p2a: Frillish
|-damage|p2a: Frillish|57/100
|-start|p1a: Bronzor|Disable|Psychic|[from] ability: Cursed Body|[of] p2a: Frillish
|
|-weather|Sandstorm|[upkeep]
|-damage|p2a: Frillish|53/100|[from] Sandstorm
|-damage|p1a: Bronzor|29/100 brn|[from] brn
|upkeep
|turn|39
|
|t:|1639966761
|switch|p1a: Gastly|Gastly, L5, M|100/100
|move|p2a: Frillish|Recover|p2a: Frillish
|-heal|p2a: Frillish|100/100
|
|-weather|Sandstorm|[upkeep]
|-damage|p1a: Gastly|95/100|[from] Sandstorm
|-damage|p2a: Frillish|96/100|[from] Sandstorm
|upkeep
|turn|40
|
|t:|1639966765
|switch|p2a: Lileep|Lileep, L5, F|100/100 par
|-damage|p2a: Lileep|88/100 par|[from] Stealth Rock
|move|p1a: Gastly|Shadow Ball|p2a: Lileep
|-damage|p2a: Lileep|57/100 par
|-damage|p1a: Gastly|90/100|[from] item: Life Orb
|
|-weather|Sandstorm|[upkeep]
|-damage|p1a: Gastly|85/100|[from] Sandstorm
|upkeep
|turn|41
|inactive|mentalsoft has 60 seconds left.
|
|t:|1639966798
|move|p1a: Gastly|Hidden Power|p2a: Lileep
|-supereffective|p2a: Lileep
|-damage|p2a: Lileep|24/100 par
|-damage|p1a: Gastly|79/100|[from] item: Life Orb
|move|p2a: Lileep|Recover|p2a: Lileep
|-heal|p2a: Lileep|76/100 par
|
|-weather|Sandstorm|[upkeep]
|-damage|p1a: Gastly|74/100|[from] Sandstorm
|upkeep
|turn|42
|
|t:|1639966811
|switch|p1a: Porygon|Porygon, L5|85/100
|-ability|p1a: Porygon|Storm Drain|[from] ability: Trace|[of] p2a: Lileep
|cant|p2a: Lileep|par
|
|-weather|Sandstorm|[upkeep]
|-damage|p1a: Porygon|81/100|[from] Sandstorm
|upkeep
|turn|43
|
|t:|1639966826
|move|p1a: Porygon|Ice Beam|p2a: Lileep
|-supereffective|p2a: Lileep
|-damage|p2a: Lileep|44/100 par
|cant|p2a: Lileep|par
|
|-weather|Sandstorm|[upkeep]
|-damage|p1a: Porygon|77/100|[from] Sandstorm
|upkeep
|turn|44
|
|t:|1639966836
|move|p1a: Porygon|Ice Beam|p2a: Lileep
|-supereffective|p2a: Lileep
|-crit|p2a: Lileep
|-damage|p2a: Lileep|0 fnt
|faint|p2a: Lileep
|
|-weather|Sandstorm|[upkeep]
|-damage|p1a: Porygon|74/100|[from] Sandstorm
|upkeep
|
|t:|1639966838
|switch|p2a: Frillish|Frillish, L5, F|96/100
|-damage|p2a: Frillish|87/100|[from] Stealth Rock
|turn|45
|
|t:|1639966843
|switch|p1a: Bronzor|Bronzor, L5|29/100 brn
|move|p2a: Frillish|Will-O-Wisp|p1a: Bronzor
|-fail|p1a: Bronzor|brn
|
|-weather|Sandstorm|[upkeep]
|-damage|p2a: Frillish|83/100|[from] Sandstorm
|-damage|p1a: Bronzor|16/100 brn|[from] brn
|upkeep
|turn|46
|
|t:|1639966849
|move|p2a: Frillish|Scald|p1a: Bronzor
|-damage|p1a: Bronzor|0 fnt
|faint|p1a: Bronzor
|
|-weather|Sandstorm|[upkeep]
|-damage|p2a: Frillish|79/100|[from] Sandstorm
|upkeep
|
|t:|1639966851
|switch|p1a: Gastly|Gastly, L5, M|74/100
|turn|47
|
|t:|1639966853
|move|p1a: Gastly|Shadow Ball|p2a: Frillish
|-supereffective|p2a: Frillish
|-crit|p2a: Frillish
|-damage|p2a: Frillish|0 fnt
|-start|p1a: Gastly|Disable|Shadow Ball|[from] ability: Cursed Body|[of] p2a: Frillish
|faint|p2a: Frillish
|-damage|p1a: Gastly|69/100|[from] item: Life Orb
|
|win|mentalsoft
|c|☆levi|gg
|c|☆mentalsoft|gg
