|inactive|Battle timer is ON: inactive players will automatically lose when time's up.
|t:|1629061391
|gametype|singles
|player|p1|trash|ethan|
|player|p2|watashi|#flcl|
|teamsize|p1|6
|teamsize|p2|6
|gen|5
|tier|[Gen 5] LC
|rule|Species Clause: Limit one of each Pokémon
|rule|OHKO Clause: OHKO moves are banned
|rule|Moody Clause: Moody is banned
|rule|Evasion Moves Clause: Evasion moves are banned
|rule|Endless Battle Clause: Forcing endless battles is banned
|rule|HP Percentage Mod: HP is shown in percentages
|rule|Sleep Clause: Sleep-inducing moves are banned
|clearpoke
|poke|p1|Mienfoo, L5, M|item
|poke|p1|Hippopotas, L5, F|item
|poke|p1|Pawniard, L5, F|item
|poke|p1|Abra, L5, F|item
|poke|p1|Lileep, L5, M|item
|poke|p1|Gastly, L5, F|item
|poke|p2|Gastly, L5, M|item
|poke|p2|Pawniard, L5, F|item
|poke|p2|Staryu, L5|item
|poke|p2|Mienfoo, L5, M|item
|poke|p2|Hippopotas, L5, M|item
|poke|p2|Lileep, L5, M|item
|teampreview
|c|☆watashi|nice team
|c|☆trash|thanks you too
|inactive|trash has 270 seconds left.
|inactive|watashi has 270 seconds left.
|inactive|trash has 240 seconds left.
|inactive|trash has 210 seconds left.
|inactive|watashi has 240 seconds left.
|
|t:|1629061508
|start
|switch|p1a: Hippopotas|Hippopotas, L5, F|100/100
|switch|p2a: Hippopotas|Hippopotas, L5, M|100/100
|-weather|Sandstorm|[from] ability: Sand Stream|[of] p1a: Hippopotas
|turn|1
|
|t:|1629061513
|move|p1a: Hippopotas|Stealth Rock|p2a: Hippopotas
|-sidestart|p2: watashi|move: Stealth Rock
|move|p2a: Hippopotas|Stealth Rock|p1a: Hippopotas
|-sidestart|p1: trash|move: Stealth Rock
|
|-weather|Sandstorm|[upkeep]
|upkeep
|turn|2
|
|t:|1629061529
|switch|p2a: Mienfoo|Mienfoo, L5, M|100/100
|-damage|p2a: Mienfoo|96/100|[from] Stealth Rock
|move|p1a: Hippopotas|Earthquake|p2a: Mienfoo
|-damage|p2a: Mienfoo|53/100
|
|-weather|Sandstorm|[upkeep]
|-damage|p2a: Mienfoo|48/100|[from] Sandstorm
|upkeep
|turn|3
|inactive|trash has 270 seconds left.
|
|t:|1629061536
|switch|p1a: Gastly|Gastly, L5, F|100/100
|-damage|p1a: Gastly|91/100|[from] Stealth Rock
|move|p2a: Mienfoo|U-turn|p1a: Gastly
|-resisted|p1a: Gastly
|-damage|p1a: Gastly|86/100
|
|t:|1629061538
|switch|p2a: Pawniard|Pawniard, L5, F|100/100|[from]move: U-turn
|-damage|p2a: Pawniard|96/100|[from] Stealth Rock
|
|-weather|Sandstorm|[upkeep]
|-damage|p1a: Gastly|81/100|[from] Sandstorm
|upkeep
|turn|4
|inactive|trash has 270 seconds left.
|inactive|trash has 240 seconds left.
|
|t:|1629061585
|move|p2a: Pawniard|Pursuit|p1a: Gastly
|-supereffective|p1a: Gastly
|-damage|p1a: Gastly|24/100
|move|p1a: Gastly|Will-O-Wisp|p2a: Pawniard
|-status|p2a: Pawniard|brn
|
|-weather|Sandstorm|[upkeep]
|-damage|p1a: Gastly|20/100|[from] Sandstorm
|-damage|p2a: Pawniard|86/100 brn|[from] brn
|upkeep
|turn|5
|
|t:|1629061589
|move|p2a: Pawniard|Pursuit|p1a: Gastly
|-supereffective|p1a: Gastly
|-damage|p1a: Gastly|0 fnt
|faint|p1a: Gastly
|
|-weather|Sandstorm|[upkeep]
|-damage|p2a: Pawniard|77/100 brn|[from] brn
|upkeep
|
|t:|1629061600
|switch|p1a: Mienfoo|Mienfoo, L5, M|100/100
|-damage|p1a: Mienfoo|96/100|[from] Stealth Rock
|turn|6
|
|t:|1629061610
|switch|p2a: Hippopotas|Hippopotas, L5, M|100/100
|-damage|p2a: Hippopotas|96/100|[from] Stealth Rock
|move|p1a: Mienfoo|Knock Off|p2a: Hippopotas
|-crit|p2a: Hippopotas
|-damage|p2a: Hippopotas|76/100
|-enditem|p2a: Hippopotas|Eviolite|[from] move: Knock Off|[of] p1a: Mienfoo
|
|-weather|Sandstorm|[upkeep]
|-damage|p1a: Mienfoo|92/100|[from] Sandstorm
|upkeep
|turn|7
|
|t:|1629061612
|move|p1a: Mienfoo|U-turn|p2a: Hippopotas
|-damage|p2a: Hippopotas|52/100
|
|t:|1629061617
|switch|p1a: Hippopotas|Hippopotas, L5, F|100/100|[from]move: U-turn
|-damage|p1a: Hippopotas|96/100|[from] Stealth Rock
|move|p2a: Hippopotas|Slack Off|p2a: Hippopotas
|-heal|p2a: Hippopotas|100/100
|
|-weather|Sandstorm|[upkeep]
|upkeep
|turn|8
|
|t:|1629061623
|switch|p2a: Staryu|Staryu, L5|100/100
|-damage|p2a: Staryu|91/100|[from] Stealth Rock
|move|p1a: Hippopotas|Earthquake|p2a: Staryu
|-damage|p2a: Staryu|48/100
|
|-weather|Sandstorm|[upkeep]
|-damage|p2a: Staryu|43/100|[from] Sandstorm
|upkeep
|turn|9
|
|t:|1629061626
|move|p2a: Staryu|Recover|p2a: Staryu
|-heal|p2a: Staryu|96/100
|move|p1a: Hippopotas|Earthquake|p2a: Staryu
|-damage|p2a: Staryu|53/100
|
|-weather|Sandstorm|[upkeep]
|-damage|p2a: Staryu|48/100|[from] Sandstorm
|upkeep
|turn|10
|
|t:|1629061630
|move|p2a: Staryu|Recover|p2a: Staryu
|-heal|p2a: Staryu|100/100
|move|p1a: Hippopotas|Earthquake|p2a: Staryu
|-damage|p2a: Staryu|58/100
|
|-weather|Sandstorm|[upkeep]
|-damage|p2a: Staryu|53/100|[from] Sandstorm
|upkeep
|turn|11
|inactive|trash has 270 seconds left.
|inactive|trash has 240 seconds left.
|
|t:|1629061699
|switch|p1a: Mienfoo|Mienfoo, L5, M|100/100
|-damage|p1a: Mienfoo|96/100|[from] Stealth Rock
|move|p2a: Staryu|Recover|p2a: Staryu
|-heal|p2a: Staryu|100/100
|
|-weather|Sandstorm|[upkeep]
|-damage|p2a: Staryu|96/100|[from] Sandstorm
|-damage|p1a: Mienfoo|92/100|[from] Sandstorm
|upkeep
|turn|12
|
|t:|1629061711
|switch|p2a: Hippopotas|Hippopotas, L5, M|100/100
|-damage|p2a: Hippopotas|96/100|[from] Stealth Rock
|move|p1a: Mienfoo|Knock Off|p2a: Hippopotas
|-damage|p2a: Hippopotas|88/100
|
|-weather|Sandstorm|[upkeep]
|-damage|p1a: Mienfoo|87/100|[from] Sandstorm
|upkeep
|turn|13
|
|t:|1629061720
|move|p1a: Mienfoo|High Jump Kick|p2a: Hippopotas
|-damage|p2a: Hippopotas|36/100
|move|p2a: Hippopotas|Earthquake|p1a: Mienfoo
|-damage|p1a: Mienfoo|48/100
|
|-weather|Sandstorm|[upkeep]
|-damage|p1a: Mienfoo|44/100|[from] Sandstorm
|upkeep
|turn|14
|
|t:|1629061723
|move|p1a: Mienfoo|U-turn|p2a: Hippopotas
|-damage|p2a: Hippopotas|8/100
|
|t:|1629061730
|switch|p1a: Hippopotas|Hippopotas, L5, F|96/100|[from]move: U-turn
|-damage|p1a: Hippopotas|92/100|[from] Stealth Rock
|move|p2a: Hippopotas|Slack Off|p2a: Hippopotas
|-heal|p2a: Hippopotas|60/100
|
|-weather|Sandstorm|[upkeep]
|upkeep
|turn|15
|
|t:|1629061734
|move|p2a: Hippopotas|Slack Off|p2a: Hippopotas
|-heal|p2a: Hippopotas|100/100
|move|p1a: Hippopotas|Earthquake|p2a: Hippopotas
|-damage|p2a: Hippopotas|52/100
|
|-weather|Sandstorm|[upkeep]
|upkeep
|turn|16
|
|t:|1629061735
|move|p1a: Hippopotas|Earthquake|p2a: Hippopotas
|-damage|p2a: Hippopotas|4/100
|move|p2a: Hippopotas|Slack Off|p2a: Hippopotas
|-heal|p2a: Hippopotas|57/100
|
|-weather|Sandstorm|[upkeep]
|upkeep
|turn|17
|
|t:|1629061737
|move|p1a: Hippopotas|Earthquake|p2a: Hippopotas
|-damage|p2a: Hippopotas|16/100
|move|p2a: Hippopotas|Slack Off|p2a: Hippopotas
|-heal|p2a: Hippopotas|68/100
|
|-weather|Sandstorm|[upkeep]
|upkeep
|turn|18
|
|t:|1629061739
|move|p2a: Hippopotas|Slack Off|p2a: Hippopotas
|-heal|p2a: Hippopotas|100/100
|move|p1a: Hippopotas|Earthquake|p2a: Hippopotas
|-damage|p2a: Hippopotas|52/100
|
|-weather|Sandstorm|[upkeep]
|upkeep
|turn|19
|
|t:|1629061742
|switch|p2a: Gastly|Gastly, L5, M|100/100
|-damage|p2a: Gastly|91/100|[from] Stealth Rock
|move|p1a: Hippopotas|Crunch|p2a: Gastly
|-supereffective|p2a: Gastly
|-damage|p2a: Gastly|34/100
|-unboost|p2a: Gastly|def|1
|
|-weather|Sandstorm|[upkeep]
|-damage|p2a: Gastly|29/100|[from] Sandstorm
|upkeep
|turn|20
|c|☆watashi|.
|c|☆watashi|goat
|
|t:|1629061752
|switch|p2a: Staryu|Staryu, L5|96/100
|-damage|p2a: Staryu|86/100|[from] Stealth Rock
|move|p1a: Hippopotas|Crunch|p2a: Staryu
|-damage|p2a: Staryu|62/100
|
|-weather|Sandstorm|[upkeep]
|-damage|p2a: Staryu|58/100|[from] Sandstorm
|upkeep
|turn|21
|
|t:|1629061779
|switch|p1a: Lileep|Lileep, L5, M|100/100
|-damage|p1a: Lileep|88/100|[from] Stealth Rock
|move|p2a: Staryu|Toxic|p1a: Lileep|[miss]
|-miss|p2a: Staryu|p1a: Lileep
|
|-weather|Sandstorm|[upkeep]
|-damage|p2a: Staryu|53/100|[from] Sandstorm
|upkeep
|turn|22
|inactive|trash has 270 seconds left.
|
|t:|1629061807
|switch|p2a: Mienfoo|Mienfoo, L5, M|81/100
|-damage|p2a: Mienfoo|77/100|[from] Stealth Rock
|move|p1a: Lileep|Bullet Seed|p2a: Mienfoo
|-damage|p2a: Mienfoo|62/100
|-damage|p2a: Mienfoo|48/100
|-damage|p2a: Mienfoo|34/100
|-hitcount|p2a: Mienfoo|3
|
|-weather|Sandstorm|[upkeep]
|-damage|p2a: Mienfoo|29/100|[from] Sandstorm
|upkeep
|turn|23
|
|t:|1629061819
|switch|p1a: Hippopotas|Hippopotas, L5, F|92/100
|-damage|p1a: Hippopotas|88/100|[from] Stealth Rock
|move|p2a: Mienfoo|U-turn|p1a: Hippopotas
|-damage|p1a: Hippopotas|72/100
|
|t:|1629061827
|switch|p2a: Lileep|Lileep, L5, M|100/100|[from]move: U-turn
|-damage|p2a: Lileep|88/100|[from] Stealth Rock
|
|-weather|Sandstorm|[upkeep]
|upkeep
|turn|24
|
|t:|1629061831
|switch|p1a: Pawniard|Pawniard, L5, F|100/100
|-damage|p1a: Pawniard|96/100|[from] Stealth Rock
|move|p2a: Lileep|Hidden Power|p1a: Pawniard
|-supereffective|p1a: Pawniard
|-damage|p1a: Pawniard|48/100
|
|-weather|Sandstorm|[upkeep]
|upkeep
|turn|25
|inactive|trash has 270 seconds left.
|inactive|watashi has 270 seconds left.
|inactive|trash has 240 seconds left.
|
|t:|1629061888
|switch|p2a: Pawniard|Pawniard, L5, F|77/100 brn
|-damage|p2a: Pawniard|72/100 brn|[from] Stealth Rock
|move|p1a: Pawniard|Iron Head|p2a: Pawniard
|-resisted|p2a: Pawniard
|-damage|p2a: Pawniard|43/100 brn
|
|-weather|Sandstorm|[upkeep]
|-damage|p2a: Pawniard|34/100 brn|[from] brn
|upkeep
|turn|26
|
|t:|1629061916
|switch|p2a: Staryu|Staryu, L5|53/100
|-damage|p2a: Staryu|43/100|[from] Stealth Rock
|switch|p1a: Mienfoo|Mienfoo, L5, M|74/100
|-damage|p1a: Mienfoo|70/100|[from] Stealth Rock
|
|-weather|Sandstorm|[upkeep]
|-damage|p2a: Staryu|39/100|[from] Sandstorm
|-damage|p1a: Mienfoo|66/100|[from] Sandstorm
|upkeep
|turn|27
|inactive|trash has 210 seconds left.
|inactive|watashi has 240 seconds left.
|inactive|trash has 180 seconds left.
|inactive|trash has 150 seconds left.
|
|t:|1629061993
|switch|p2a: Hippopotas|Hippopotas, L5, M|52/100
|-damage|p2a: Hippopotas|48/100|[from] Stealth Rock
|move|p1a: Mienfoo|High Jump Kick|p2a: Hippopotas
|-damage|p2a: Hippopotas|0 fnt
|faint|p2a: Hippopotas
|
|-weather|Sandstorm|[upkeep]
|-damage|p1a: Mienfoo|61/100|[from] Sandstorm
|upkeep
|
|t:|1629062005
|switch|p2a: Mienfoo|Mienfoo, L5, M|62/100
|-damage|p2a: Mienfoo|58/100|[from] Stealth Rock
|turn|28
|inactive|trash has 150 seconds left.
|inactive|watashi has 210 seconds left.
|inactive|trash has 120 seconds left.
|
|t:|1629062066
|move|p2a: Mienfoo|U-turn|p1a: Mienfoo
|-resisted|p1a: Mienfoo
|-damage|p1a: Mienfoo|53/100
|
|t:|1629062068
|switch|p2a: Gastly|Gastly, L5, M|29/100|[from]move: U-turn
|-damage|p2a: Gastly|20/100|[from] Stealth Rock
|move|p1a: Mienfoo|High Jump Kick|p2a: Gastly
|-immune|p2a: Gastly
|-damage|p1a: Mienfoo|5/100|[from] highjumpkick
|
|-weather|Sandstorm|[upkeep]
|-damage|p2a: Gastly|15/100|[from] Sandstorm
|-damage|p1a: Mienfoo|0 fnt|[from] Sandstorm
|faint|p1a: Mienfoo
|upkeep
|inactive|trash has 90 seconds left.
|
|t:|1629062110
|switch|p1a: Abra|Abra, L5, F|100/100
|turn|29
|
|t:|1629062113
|switch|p2a: Lileep|Lileep, L5, M|88/100
|-damage|p2a: Lileep|76/100|[from] Stealth Rock
|move|p1a: Abra|Hidden Power|p2a: Lileep
|-damage|p2a: Lileep|64/100
|
|-weather|Sandstorm|[upkeep]
|upkeep
|turn|30
|inactive|trash has 90 seconds left.
|
|t:|1629062126
|move|p1a: Abra|Thunder Wave|p2a: Lileep
|-status|p2a: Lileep|par
|move|p2a: Lileep|Giga Drain|p1a: Abra
|-damage|p1a: Abra|48/100
|-heal|p2a: Lileep|84/100 par|[from] drain|[of] p1a: Abra
|
|-weather|Sandstorm|[upkeep]
|upkeep
|turn|31
|inactive|trash has 90 seconds left.
|
|t:|1629062142
|switch|p1a: Lileep|Lileep, L5, M|88/100
|-damage|p1a: Lileep|75/100|[from] Stealth Rock
|move|p2a: Lileep|Giga Drain|p1a: Lileep
|-damage|p1a: Lileep|59/100
|-heal|p2a: Lileep|92/100 par|[from] drain|[of] p1a: Lileep
|
|-weather|Sandstorm|[upkeep]
|upkeep
|turn|32
|
|t:|1629062145
|move|p1a: Lileep|Substitute|p1a: Lileep
|-start|p1a: Lileep|Substitute
|-damage|p1a: Lileep|34/100
|cant|p2a: Lileep|par
|
|-weather|Sandstorm|[upkeep]
|upkeep
|turn|33
|
|t:|1629062151
|switch|p2a: Mienfoo|Mienfoo, L5, M|91/100
|-damage|p2a: Mienfoo|86/100|[from] Stealth Rock
|move|p1a: Lileep|Recover|p1a: Lileep
|-heal|p1a: Lileep|84/100
|
|-weather|Sandstorm|[upkeep]
|-damage|p2a: Mienfoo|81/100|[from] Sandstorm
|upkeep
|turn|34
|
|t:|1629062164
|move|p2a: Mienfoo|Taunt|p1a: Lileep
|-start|p1a: Lileep|move: Taunt
|cant|p1a: Lileep|move: Taunt|Substitute
|
|-weather|Sandstorm|[upkeep]
|-damage|p2a: Mienfoo|77/100|[from] Sandstorm
|upkeep
|turn|35
|
|t:|1629062175
|move|p2a: Mienfoo|U-turn|p1a: Lileep
|-supereffective|p1a: Lileep
|-end|p1a: Lileep|Substitute
|
|t:|1629062192
|switch|p2a: Gastly|Gastly, L5, M|15/100|[from]move: U-turn
|-damage|p2a: Gastly|5/100|[from] Stealth Rock
|move|p1a: Lileep|Bullet Seed|p2a: Gastly
|-resisted|p2a: Gastly
|-damage|p2a: Gastly|0 fnt
|faint|p2a: Gastly
|-hitcount|p2: Gastly|1
|
|-weather|Sandstorm|[upkeep]
|upkeep
|
|t:|1629062193
|switch|p2a: Mienfoo|Mienfoo, L5, M|100/100
|-damage|p2a: Mienfoo|96/100|[from] Stealth Rock
|turn|36
|inactive|trash has 90 seconds left.
|inactive|trash has 60 seconds left.
|inactive|trash has 30 seconds left.
|
|t:|1629062280
|switch|p1a: Pawniard|Pawniard, L5, F|48/100
|-damage|p1a: Pawniard|43/100|[from] Stealth Rock
|move|p2a: Mienfoo|High Jump Kick|p1a: Pawniard
|-supereffective|p1a: Pawniard
|-damage|p1a: Pawniard|0 fnt
|faint|p1a: Pawniard
|
|-weather|Sandstorm|[upkeep]
|-damage|p2a: Mienfoo|91/100|[from] Sandstorm
|upkeep
|
|t:|1629062281
|switch|p1a: Abra|Abra, L5, F|48/100
|turn|37
|inactive|watashi has 270 seconds left.
|inactive|trash has 30 seconds left.
|
|t:|1629062299
|switch|p1a: Lileep|Lileep, L5, M|84/100
|-damage|p1a: Lileep|71/100|[from] Stealth Rock
|switch|p2a: Lileep|Lileep, L5, M|92/100 par
|-damage|p2a: Lileep|80/100 par|[from] Stealth Rock
|
|-weather|Sandstorm|[upkeep]
|upkeep
|turn|38
|inactive|trash has 30 seconds left.
|
|t:|1629062309
|switch|p1a: Hippopotas|Hippopotas, L5, F|72/100
|-damage|p1a: Hippopotas|68/100|[from] Stealth Rock
|switch|p2a: Mienfoo|Mienfoo, L5, M|100/100
|-damage|p2a: Mienfoo|96/100|[from] Stealth Rock
|
|-weather|Sandstorm|[upkeep]
|-damage|p2a: Mienfoo|91/100|[from] Sandstorm
|upkeep
|turn|39
|
|t:|1629062324
|move|p2a: Mienfoo|Knock Off|p1a: Hippopotas
|-damage|p1a: Hippopotas|64/100
|-enditem|p1a: Hippopotas|Eviolite|[from] move: Knock Off|[of] p2a: Mienfoo
|move|p1a: Hippopotas|Earthquake|p2a: Mienfoo
|-damage|p2a: Mienfoo|48/100
|
|-weather|Sandstorm|[upkeep]
|-damage|p2a: Mienfoo|43/100|[from] Sandstorm
|upkeep
|turn|40
|
|t:|1629062331
|move|p2a: Mienfoo|U-turn|p1a: Hippopotas
|-crit|p1a: Hippopotas
|-damage|p1a: Hippopotas|20/100
|
|t:|1629062343
|switch|p2a: Staryu|Staryu, L5|39/100|[from]move: U-turn
|-damage|p2a: Staryu|29/100|[from] Stealth Rock
|move|p1a: Hippopotas|Earthquake|p2a: Staryu
|-damage|p2a: Staryu|0 fnt
|faint|p2a: Staryu
|
|-weather|Sandstorm|[upkeep]
|upkeep
|
|t:|1629062345
|switch|p2a: Mienfoo|Mienfoo, L5, M|77/100
|-damage|p2a: Mienfoo|72/100|[from] Stealth Rock
|turn|41
|
|t:|1629062349
|move|p2a: Mienfoo|U-turn|p1a: Hippopotas
|-damage|p1a: Hippopotas|0 fnt
|faint|p1a: Hippopotas
|
|t:|1629062374
|switch|p2a: Pawniard|Pawniard, L5, F|34/100 brn|[from]move: U-turn
|-damage|p2a: Pawniard|29/100 brn|[from] Stealth Rock
|
|-weather|Sandstorm|[upkeep]
|-damage|p2a: Pawniard|20/100 brn|[from] brn
|upkeep
|
|t:|1629062383
|switch|p1a: Lileep|Lileep, L5, M|71/100
|-damage|p1a: Lileep|59/100|[from] Stealth Rock
|turn|42
|
|t:|1629062386
|switch|p2a: Mienfoo|Mienfoo, L5, M|100/100
|-damage|p2a: Mienfoo|96/100|[from] Stealth Rock
|move|p1a: Lileep|Recover|p1a: Lileep
|-heal|p1a: Lileep|100/100
|
|-weather|Sandstorm|[upkeep]
|-damage|p2a: Mienfoo|91/100|[from] Sandstorm
|upkeep
|turn|43
|
|t:|1629062405
|move|p2a: Mienfoo|High Jump Kick|p1a: Lileep
|-supereffective|p1a: Lileep
|-damage|p1a: Lileep|17/100
|move|p1a: Lileep|Bullet Seed|p2a: Mienfoo
|-damage|p2a: Mienfoo|77/100
|-damage|p2a: Mienfoo|62/100
|-hitcount|p2a: Mienfoo|2
|
|-weather|Sandstorm|[upkeep]
|-damage|p2a: Mienfoo|58/100|[from] Sandstorm
|upkeep
|turn|44
|
|t:|1629062410
|move|p2a: Mienfoo|U-turn|p1a: Lileep
|-supereffective|p1a: Lileep
|-damage|p1a: Lileep|0 fnt
|faint|p1a: Lileep
|
|t:|1629062412
|switch|p2a: Lileep|Lileep, L5, M|80/100 par|[from]move: U-turn
|-damage|p2a: Lileep|68/100 par|[from] Stealth Rock
|
|-weather|Sandstorm|[upkeep]
|upkeep
|c|+SAM ♻|go wata
|inactive|trash has 90 seconds left.
|
|t:|1629062434
|switch|p1a: Abra|Abra, L5, F|48/100
|turn|45
|
|t:|1629062437
|move|p1a: Abra|Psychic|p2a: Lileep
|-damage|p2a: Lileep|40/100 par
|move|p2a: Lileep|Giga Drain|p1a: Abra
|-damage|p1a: Abra|0 fnt
|-heal|p2a: Lileep|60/100 par|[from] drain|[of] p1a: Abra
|faint|p1a: Abra
|
|win|watashi
|c|☆trash|gg
|c|☆watashi|gg
