|inactive|Battle timer is ON: inactive players will automatically lose when time's up.
|t:|1624839573
|gametype|singles
|player|p1|iss|ethan|
|player|p2|umbri flip!|unknownf|
|teamsize|p1|6
|teamsize|p2|6
|gen|5
|tier|[Gen 5] LC
|rule|Species Clause: Limit one of each Pokémon
|rule|OHKO Clause: OHKO moves are banned
|rule|Moody Clause: Moody is banned
|rule|Evasion Moves Clause: Evasion moves are banned
|rule|Endless Battle Clause: Forcing endless battles is banned
|rule|HP Percentage Mod: HP is shown in percentages
|rule|Sleep Clause: Sleep-inducing moves are banned
|clearpoke
|poke|p1|Natu, L5, M|item
|poke|p1|Staryu, L5|item
|poke|p1|Mienfoo, L5, F|item
|poke|p1|Vullaby, L5, F|item
|poke|p1|Gastly, L5, M|item
|poke|p1|Ferroseed, L5, F|item
|poke|p2|Timburr, L5, F|item
|poke|p2|Lileep, L5, M|item
|poke|p2|Frillish, L5, M|item
|poke|p2|Hippopotas, L5, F|item
|poke|p2|Porygon, L5|item
|poke|p2|Natu, L5, F|item
|teampreview
|c|☆umbri flip!|AHHHHHHHHHHHHHHHHHHHHHHHHHHHHHHHH
|c|☆iss|gl!
|c|☆umbri flip!|gl hf
|inactive|iss has 270 seconds left.
|inactive|umbri flip! has 270 seconds left.
|
|t:|1624839633
|start
|switch|p1a: Staryu|Staryu, L5|100/100
|switch|p2a: Hippopotas|Hippopotas, L5, F|100/100
|-weather|Sandstorm|[from] ability: Sand Stream|[of] p2a: Hippopotas
|turn|1
|inactive|umbri flip! has 270 seconds left.
|
|t:|1624839672
|switch|p2a: Lileep|Lileep, L5, M|100/100
|move|p1a: Staryu|Thunder Wave|p2a: Lileep
|-status|p2a: Lileep|par
|
|-weather|Sandstorm|[upkeep]
|-damage|p1a: Staryu|96/100|[from] Sandstorm
|upkeep
|turn|2
|inactive|umbri flip! has 270 seconds left.
|c|+HYDREIGON SPECS|umbri flip
|
|t:|1624839691
|switch|p1a: Mienfoo|Mienfoo, L5, F|100/100
|switch|p2a: Natu|Natu, L5, F|100/100
|
|-weather|Sandstorm|[upkeep]
|-damage|p2a: Natu|96/100|[from] Sandstorm
|-damage|p1a: Mienfoo|96/100|[from] Sandstorm
|upkeep
|turn|3
|inactive|umbri flip! has 240 seconds left.
|
|t:|1624839725
|move|p1a: Mienfoo|Fake Out|p2a: Natu
|-damage|p2a: Natu|83/100
|cant|p2a: Natu|flinch
|
|-weather|Sandstorm|[upkeep]
|-damage|p2a: Natu|79/100|[from] Sandstorm
|-damage|p1a: Mienfoo|91/100|[from] Sandstorm
|upkeep
|turn|4
|inactive|umbri flip! has 240 seconds left.
|
|t:|1624839740
|move|p2a: Natu|Heat Wave|p1a: Mienfoo
|-damage|p1a: Mienfoo|64/100
|-status|p1a: Mienfoo|brn
|move|p1a: Mienfoo|Knock Off|p2a: Natu
|-supereffective|p2a: Natu
|-damage|p2a: Natu|66/100
|-enditem|p2a: Natu|Eviolite|[from] move: Knock Off|[of] p1a: Mienfoo
|
|-weather|Sandstorm|[upkeep]
|-damage|p2a: Natu|61/100|[from] Sandstorm
|-damage|p1a: Mienfoo|60/100 brn|[from] Sandstorm
|-damage|p1a: Mienfoo|50/100 brn|[from] brn
|upkeep
|turn|5
|inactive|umbri flip! has 240 seconds left.
|c|+tazz|bw moment
|
|t:|1624839760
|switch|p1a: Staryu|Staryu, L5|96/100
|move|p2a: Natu|Roost|p2a: Natu
|-heal|p2a: Natu|100/100
|-singleturn|p2a: Natu|move: Roost
|
|-weather|Sandstorm|[upkeep]
|-damage|p1a: Staryu|91/100|[from] Sandstorm
|-damage|p2a: Natu|96/100|[from] Sandstorm
|upkeep
|turn|6
|c|+KSG|np vull does that every game in SS
|
|t:|1624839778
|switch|p1a: Mienfoo|Mienfoo, L5, F|82/100 brn
|switch|p2a: Lileep|Lileep, L5, M|100/100 par
|
|-weather|Sandstorm|[upkeep]
|-damage|p1a: Mienfoo|78/100 brn|[from] Sandstorm
|-damage|p1a: Mienfoo|69/100 brn|[from] brn
|upkeep
|turn|7
|
|t:|1624839787
|switch|p2a: Natu|Natu, L5, F|96/100
|move|p1a: Mienfoo|U-turn|p2a: Natu
|-damage|p2a: Natu|83/100
|
|t:|1624839791
|switch|p1a: Gastly|Gastly, L5, M|100/100|[from]move: U-turn
|
|-weather|Sandstorm|[upkeep]
|-damage|p1a: Gastly|95/100|[from] Sandstorm
|-damage|p2a: Natu|79/100|[from] Sandstorm
|upkeep
|turn|8
|inactive|umbri flip! has 240 seconds left.
|inactive|iss has 270 seconds left.
|
|t:|1624839831
|switch|p2a: Porygon|Porygon, L5|100/100
|-ability|p2a: Porygon|Levitate|[from] ability: Trace|[of] p1a: Gastly
|move|p1a: Gastly|Shadow Ball|p2a: Porygon
|-immune|p2a: Porygon
|
|-weather|Sandstorm|[upkeep]
|-damage|p1a: Gastly|90/100|[from] Sandstorm
|-damage|p2a: Porygon|97/100|[from] Sandstorm
|upkeep
|turn|9
|
|t:|1624839853
|switch|p1a: Ferroseed|Ferroseed, L5, F|100/100
|move|p2a: Porygon|Thunder Wave|p1a: Ferroseed
|-status|p1a: Ferroseed|par
|
|-weather|Sandstorm|[upkeep]
|-damage|p2a: Porygon|93/100|[from] Sandstorm
|upkeep
|turn|10
|inactive|iss has 240 seconds left.
|
|t:|1624839875
|switch|p2a: Natu|Natu, L5, F|79/100
|cant|p1a: Ferroseed|par
|
|-weather|Sandstorm|[upkeep]
|-damage|p2a: Natu|74/100|[from] Sandstorm
|upkeep
|turn|11
|inactive|iss has 240 seconds left.
|
|t:|1624839893
|switch|p1a: Natu|Natu, L5, M|100/100
|move|p2a: Natu|Psychic|p1a: Natu
|-resisted|p1a: Natu
|-damage|p1a: Natu|83/100
|
|-weather|Sandstorm|[upkeep]
|-damage|p2a: Natu|70/100|[from] Sandstorm
|-damage|p1a: Natu|79/100|[from] Sandstorm
|upkeep
|turn|12
|c|+Waves|god ez
|inactive|iss has 240 seconds left.
|
|t:|1624839913
|switch|p2a: Hippopotas|Hippopotas, L5, F|100/100
|move|p1a: Natu|Psychic|p2a: Hippopotas
|-damage|p2a: Hippopotas|72/100
|
|-weather|Sandstorm|[upkeep]
|-damage|p1a: Natu|74/100|[from] Sandstorm
|upkeep
|turn|13
|
|t:|1624839928
|switch|p1a: Staryu|Staryu, L5|91/100
|move|p2a: Hippopotas|Slack Off|p2a: Hippopotas
|-heal|p2a: Hippopotas|100/100
|
|-weather|Sandstorm|[upkeep]
|-damage|p1a: Staryu|86/100|[from] Sandstorm
|upkeep
|turn|14
|inactive|iss has 240 seconds left.
|
|t:|1624839941
|switch|p2a: Lileep|Lileep, L5, M|100/100 par
|move|p1a: Staryu|Scald|p2a: Lileep
|-ability|p2a: Lileep|Storm Drain|boost
|-boost|p2a: Lileep|spa|1
|
|-weather|Sandstorm|[upkeep]
|-damage|p1a: Staryu|81/100|[from] Sandstorm
|upkeep
|turn|15
|inactive|iss has 240 seconds left.
|inactive|umbri flip! has 210 seconds left.
|
|t:|1624839959
|switch|p1a: Ferroseed|Ferroseed, L5, F|100/100 par
|switch|p2a: Timburr|Timburr, L5, F|100/100
|
|-weather|Sandstorm|[upkeep]
|-damage|p2a: Timburr|96/100|[from] Sandstorm
|upkeep
|turn|16
|inactive|iss has 240 seconds left.
|inactive|umbri flip! has 210 seconds left.
|inactive|umbri flip! has 180 seconds left.
|
|t:|1624840008
|switch|p1a: Natu|Natu, L5, M|74/100
|move|p2a: Timburr|Bulk Up|p2a: Timburr
|-boost|p2a: Timburr|atk|1
|-boost|p2a: Timburr|def|1
|
|-weather|Sandstorm|[upkeep]
|-damage|p1a: Natu|70/100|[from] Sandstorm
|-damage|p2a: Timburr|92/100|[from] Sandstorm
|upkeep
|turn|17
|inactive|umbri flip! has 180 seconds left.
|
|t:|1624840023
|switch|p2a: Hippopotas|Hippopotas, L5, F|100/100
|move|p1a: Natu|Psychic|p2a: Hippopotas
|-damage|p2a: Hippopotas|72/100
|
|-weather|Sandstorm|[upkeep]
|-damage|p1a: Natu|66/100|[from] Sandstorm
|upkeep
|turn|18
|inactive|umbri flip! has 180 seconds left.
|
|t:|1624840031
|move|p1a: Natu|Roost|p1a: Natu
|-heal|p1a: Natu|100/100
|-singleturn|p1a: Natu|move: Roost
|move|p2a: Hippopotas|Slack Off|p2a: Hippopotas
|-heal|p2a: Hippopotas|100/100
|
|-weather|Sandstorm|[upkeep]
|-damage|p1a: Natu|96/100|[from] Sandstorm
|upkeep
|turn|19
|
|t:|1624840039
|switch|p1a: Staryu|Staryu, L5|81/100
|move|p2a: Hippopotas|Earthquake|p1a: Staryu
|-damage|p1a: Staryu|39/100
|
|-weather|Sandstorm|[upkeep]
|-damage|p1a: Staryu|34/100|[from] Sandstorm
|upkeep
|turn|20
|
|t:|1624840053
|move|p1a: Staryu|Recover|p1a: Staryu
|-heal|p1a: Staryu|86/100
|move|p2a: Hippopotas|Earthquake|p1a: Staryu
|-damage|p1a: Staryu|43/100
|
|-weather|Sandstorm|[upkeep]
|-damage|p1a: Staryu|39/100|[from] Sandstorm
|upkeep
|turn|21
|inactive|iss has 270 seconds left.
|inactive|umbri flip! has 180 seconds left.
|
|t:|1624840077
|switch|p1a: Natu|Natu, L5, M|96/100
|switch|p2a: Lileep|Lileep, L5, M|100/100 par
|
|-weather|Sandstorm|[upkeep]
|-damage|p1a: Natu|92/100|[from] Sandstorm
|upkeep
|turn|22
|inactive|umbri flip! has 180 seconds left.
|
|t:|1624840096
|switch|p2a: Hippopotas|Hippopotas, L5, F|100/100
|move|p1a: Natu|Psychic|p2a: Hippopotas
|-damage|p2a: Hippopotas|72/100
|-unboost|p2a: Hippopotas|spd|1
|
|-weather|Sandstorm|[upkeep]
|-damage|p1a: Natu|87/100|[from] Sandstorm
|upkeep
|turn|23
|inactive|umbri flip! has 180 seconds left.
|
|t:|1624840116
|move|p1a: Natu|Psychic|p2a: Hippopotas
|-damage|p2a: Hippopotas|32/100
|move|p2a: Hippopotas|Slack Off|p2a: Hippopotas
|-heal|p2a: Hippopotas|84/100
|
|-weather|Sandstorm|[upkeep]
|-damage|p1a: Natu|83/100|[from] Sandstorm
|upkeep
|turn|24
|
|t:|1624840129
|move|p1a: Natu|Psychic|p2a: Hippopotas
|-damage|p2a: Hippopotas|36/100
|move|p2a: Hippopotas|Slack Off|p2a: Hippopotas
|-heal|p2a: Hippopotas|88/100
|
|-weather|Sandstorm|[upkeep]
|-damage|p1a: Natu|79/100|[from] Sandstorm
|upkeep
|turn|25
|
|t:|1624840145
|switch|p1a: Staryu|Staryu, L5|39/100
|move|p2a: Hippopotas|Slack Off|p2a: Hippopotas
|-heal|p2a: Hippopotas|100/100
|
|-weather|Sandstorm|[upkeep]
|-damage|p1a: Staryu|34/100|[from] Sandstorm
|upkeep
|turn|26
|inactive|iss has 270 seconds left.
|
|t:|1624840168
|switch|p2a: Porygon|Porygon, L5|93/100
|-ability|p2a: Porygon|Natural Cure|[from] ability: Trace|[of] p1a: Staryu
|move|p1a: Staryu|Recover|p1a: Staryu
|-heal|p1a: Staryu|86/100
|
|-weather|Sandstorm|[upkeep]
|-damage|p1a: Staryu|81/100|[from] Sandstorm
|-damage|p2a: Porygon|89/100|[from] Sandstorm
|upkeep
|turn|27
|inactive|iss has 270 seconds left.
|inactive|umbri flip! has 150 seconds left.
|
|t:|1624840185
|move|p1a: Staryu|Scald|p2a: Porygon
|-damage|p2a: Porygon|66/100
|-status|p2a: Porygon|brn
|move|p2a: Porygon|Ice Beam|p1a: Staryu
|-resisted|p1a: Staryu
|-damage|p1a: Staryu|67/100
|
|-weather|Sandstorm|[upkeep]
|-damage|p1a: Staryu|62/100|[from] Sandstorm
|-damage|p2a: Porygon|62/100 brn|[from] Sandstorm
|-damage|p2a: Porygon|50/100 brn|[from] brn
|upkeep
|turn|28
|inactive|iss has 270 seconds left.
|
|t:|1624840203
|switch|p1a: Mienfoo|Mienfoo, L5, F|100/100 brn
|move|p2a: Porygon|Recover|p2a: Porygon
|-heal|p2a: Porygon|100/100 brn
|
|-weather|Sandstorm|[upkeep]
|-damage|p1a: Mienfoo|96/100 brn|[from] Sandstorm
|-damage|p2a: Porygon|97/100 brn|[from] Sandstorm
|-damage|p1a: Mienfoo|87/100 brn|[from] brn
|-damage|p2a: Porygon|85/100 brn|[from] brn
|upkeep
|turn|29
|inactive|iss has 270 seconds left.
|inactive|umbri flip! has 150 seconds left.
|inactive|umbri flip! has 120 seconds left.
|
|t:|1624840259
|switch|p2a: Natu|Natu, L5, F|70/100
|move|p1a: Mienfoo|Knock Off|p2a: Natu
|-supereffective|p2a: Natu
|-damage|p2a: Natu|61/100
|
|-weather|Sandstorm|[upkeep]
|-damage|p2a: Natu|57/100|[from] Sandstorm
|-damage|p1a: Mienfoo|82/100 brn|[from] Sandstorm
|-damage|p1a: Mienfoo|73/100 brn|[from] brn
|upkeep
|turn|30
|inactive|iss has 270 seconds left.
|inactive|umbri flip! has 120 seconds left.
|
|t:|1624840279
|move|p2a: Natu|Roost|p2a: Natu
|-heal|p2a: Natu|100/100
|-singleturn|p2a: Natu|move: Roost
|move|p1a: Mienfoo|U-turn|p2a: Natu
|-supereffective|p2a: Natu
|-damage|p2a: Natu|70/100
|
|t:|1624840288
|switch|p1a: Gastly|Gastly, L5, M|90/100|[from]move: U-turn
|
|-weather|Sandstorm|[upkeep]
|-damage|p1a: Gastly|85/100|[from] Sandstorm
|-damage|p2a: Natu|66/100|[from] Sandstorm
|upkeep
|turn|31
|inactive|umbri flip! has 120 seconds left.
|
|t:|1624840309
|switch|p2a: Porygon|Porygon, L5|85/100
|-ability|p2a: Porygon|Levitate|[from] ability: Trace|[of] p1a: Gastly
|move|p1a: Gastly|Sludge Bomb|p2a: Porygon
|-damage|p2a: Porygon|39/100
|-damage|p1a: Gastly|79/100|[from] item: Life Orb
|
|-weather|Sandstorm|[upkeep]
|-damage|p1a: Gastly|74/100|[from] Sandstorm
|-damage|p2a: Porygon|35/100|[from] Sandstorm
|upkeep
|turn|32
|inactive|umbri flip! has 120 seconds left.
|inactive|iss has 240 seconds left.
|
|t:|1624840351
|switch|p1a: Mienfoo|Mienfoo, L5, F|100/100 brn
|switch|p2a: Lileep|Lileep, L5, M|100/100 par
|
|-weather|Sandstorm|[upkeep]
|-damage|p1a: Mienfoo|96/100 brn|[from] Sandstorm
|-damage|p1a: Mienfoo|87/100 brn|[from] brn
|upkeep
|turn|33
|inactive|iss has 240 seconds left.
|
|t:|1624840365
|move|p1a: Mienfoo|Knock Off|p2a: Lileep
|-damage|p2a: Lileep|96/100 par
|-enditem|p2a: Lileep|Eviolite|[from] move: Knock Off|[of] p1a: Mienfoo
|move|p2a: Lileep|Giga Drain|p1a: Mienfoo
|-damage|p1a: Mienfoo|60/100 brn
|-heal|p2a: Lileep|100/100 par|[from] drain|[of] p1a: Mienfoo
|
|-weather|Sandstorm|[upkeep]
|-damage|p1a: Mienfoo|55/100 brn|[from] Sandstorm
|-damage|p1a: Mienfoo|46/100 brn|[from] brn
|upkeep
|turn|34
|inactive|iss has 240 seconds left.
|
|t:|1624840390
|move|p1a: Mienfoo|U-turn|p2a: Lileep
|-supereffective|p2a: Lileep
|-damage|p2a: Lileep|80/100 par
|
|t:|1624840394
|switch|p1a: Ferroseed|Ferroseed, L5, F|100/100 par|[from]move: U-turn
|cant|p2a: Lileep|par
|
|-weather|Sandstorm|[upkeep]
|upkeep
|turn|35
|inactive|umbri flip! has 90 seconds left.
|inactive|umbri flip! has 60 seconds left.
|
|t:|1624840446
|switch|p2a: Natu|Natu, L5, F|66/100
|move|p1a: Ferroseed|Thunderbolt|p2a: Natu
|-supereffective|p2a: Natu
|-damage|p2a: Natu|0 fnt
|faint|p2a: Natu
|
|-weather|Sandstorm|[upkeep]
|upkeep
|inactive|umbri flip! has 60 seconds left.
|
|t:|1624840454
|switch|p2a: Timburr|Timburr, L5, F|92/100
|turn|36
|
|t:|1624840458
|switch|p1a: Natu|Natu, L5, M|79/100
|move|p2a: Timburr|Ice Punch|p1a: Natu
|-supereffective|p1a: Natu
|-damage|p1a: Natu|27/100
|
|-weather|Sandstorm|[upkeep]
|-damage|p1a: Natu|22/100|[from] Sandstorm
|-damage|p2a: Timburr|88/100|[from] Sandstorm
|upkeep
|turn|37
|
|t:|1624840469
|switch|p2a: Hippopotas|Hippopotas, L5, F|100/100
|move|p1a: Natu|Roost|p1a: Natu
|-heal|p1a: Natu|74/100
|-singleturn|p1a: Natu|move: Roost
|
|-weather|Sandstorm|[upkeep]
|-damage|p1a: Natu|70/100|[from] Sandstorm
|upkeep
|turn|38
|inactive|umbri flip! has 60 seconds left.
|
|t:|1624840492
|switch|p1a: Staryu|Staryu, L5|62/100
|move|p2a: Hippopotas|Stealth Rock|p1a: Staryu
|-sidestart|p1: iss|move: Stealth Rock
|
|-weather|Sandstorm|[upkeep]
|-damage|p1a: Staryu|58/100|[from] Sandstorm
|upkeep
|turn|39
|
|t:|1624840501
|switch|p2a: Frillish|Frillish, L5, M|100/100
|move|p1a: Staryu|Recover|p1a: Staryu
|-heal|p1a: Staryu|100/100
|
|-weather|Sandstorm|[upkeep]
|-damage|p1a: Staryu|96/100|[from] Sandstorm
|-damage|p2a: Frillish|96/100|[from] Sandstorm
|upkeep
|turn|40
|inactive|umbri flip! has 60 seconds left.
|
|t:|1624840532
|switch|p2a: Timburr|Timburr, L5, F|88/100
|move|p1a: Staryu|Scald|p2a: Timburr
|-damage|p2a: Timburr|59/100
|
|-weather|Sandstorm|[upkeep]
|-damage|p1a: Staryu|91/100|[from] Sandstorm
|-damage|p2a: Timburr|55/100|[from] Sandstorm
|upkeep
|turn|41
|
|t:|1624840555
|switch|p2a: Frillish|Frillish, L5, M|96/100
|move|p1a: Staryu|Rapid Spin|p2a: Frillish
|-immune|p2a: Frillish
|
|-weather|Sandstorm|[upkeep]
|-damage|p1a: Staryu|86/100|[from] Sandstorm
|-damage|p2a: Frillish|92/100|[from] Sandstorm
|upkeep
|turn|42
|
|t:|1624840566
|move|p1a: Staryu|Scald|p2a: Frillish
|-resisted|p2a: Frillish
|-damage|p2a: Frillish|80/100
|move|p2a: Frillish|Shadow Ball|p1a: Staryu
|-damage|p1a: Staryu|53/100
|
|-weather|Sandstorm|[upkeep]
|-damage|p1a: Staryu|48/100|[from] Sandstorm
|-damage|p2a: Frillish|76/100|[from] Sandstorm
|upkeep
|turn|43
|
|t:|1624840579
|move|p1a: Staryu|Recover|p1a: Staryu
|-heal|p1a: Staryu|100/100
|move|p2a: Frillish|Shadow Ball|p1a: Staryu
|-damage|p1a: Staryu|67/100
|
|-weather|Sandstorm|[upkeep]
|-damage|p1a: Staryu|62/100|[from] Sandstorm
|-damage|p2a: Frillish|72/100|[from] Sandstorm
|upkeep
|turn|44
|
|t:|1624840588
|move|p1a: Staryu|Scald|p2a: Frillish
|-resisted|p2a: Frillish
|-crit|p2a: Frillish
|-damage|p2a: Frillish|48/100
|-status|p2a: Frillish|brn
|move|p2a: Frillish|Shadow Ball|p1a: Staryu
|-damage|p1a: Staryu|29/100
|
|-weather|Sandstorm|[upkeep]
|-damage|p1a: Staryu|24/100|[from] Sandstorm
|-damage|p2a: Frillish|44/100 brn|[from] Sandstorm
|-damage|p2a: Frillish|32/100 brn|[from] brn
|upkeep
|turn|45
|
|t:|1624840597
|move|p1a: Staryu|Recover|p1a: Staryu
|-heal|p1a: Staryu|77/100
|move|p2a: Frillish|Recover|p2a: Frillish
|-heal|p2a: Frillish|84/100 brn
|
|-weather|Sandstorm|[upkeep]
|-damage|p1a: Staryu|72/100|[from] Sandstorm
|-damage|p2a: Frillish|80/100 brn|[from] Sandstorm
|-damage|p2a: Frillish|68/100 brn|[from] brn
|upkeep
|turn|46
|
|t:|1624840613
|switch|p1a: Ferroseed|Ferroseed, L5, F|100/100 par
|-damage|p1a: Ferroseed|96/100 par|[from] Stealth Rock
|move|p2a: Frillish|Will-O-Wisp||[still]
|-fail|p2a: Frillish
|
|-weather|Sandstorm|[upkeep]
|-damage|p2a: Frillish|64/100 brn|[from] Sandstorm
|-damage|p2a: Frillish|52/100 brn|[from] brn
|upkeep
|turn|47
|
|t:|1624840622
|switch|p2a: Timburr|Timburr, L5, F|55/100
|cant|p1a: Ferroseed|par
|
|-weather|Sandstorm|[upkeep]
|-damage|p2a: Timburr|50/100|[from] Sandstorm
|upkeep
|turn|48
|
|t:|1624840644
|switch|p1a: Natu|Natu, L5, M|70/100
|-damage|p1a: Natu|48/100|[from] Stealth Rock
|move|p2a: Timburr|Drain Punch|p1a: Natu
|-resisted|p1a: Natu
|-damage|p1a: Natu|40/100
|-heal|p2a: Timburr|55/100|[from] drain|[of] p1a: Natu
|
|-weather|Sandstorm|[upkeep]
|-damage|p1a: Natu|35/100|[from] Sandstorm
|-damage|p2a: Timburr|50/100|[from] Sandstorm
|upkeep
|turn|49
|
|t:|1624840658
|switch|p2a: Hippopotas|Hippopotas, L5, F|100/100
|move|p1a: Natu|Roost|p1a: Natu
|-heal|p1a: Natu|87/100
|-singleturn|p1a: Natu|move: Roost
|
|-weather|Sandstorm|[upkeep]
|-damage|p1a: Natu|83/100|[from] Sandstorm
|upkeep
|turn|50
|
|t:|1624840678
|move|p1a: Natu|Psychic|p2a: Hippopotas
|-damage|p2a: Hippopotas|72/100
|move|p2a: Hippopotas|Earthquake|p1a: Natu
|-immune|p1a: Natu
|
|-weather|Sandstorm|[upkeep]
|-damage|p1a: Natu|79/100|[from] Sandstorm
|upkeep
|turn|51
|
|t:|1624840689
|move|p1a: Natu|Heat Wave|p2a: Hippopotas
|-damage|p2a: Hippopotas|48/100
|move|p2a: Hippopotas|Slack Off|p2a: Hippopotas
|-heal|p2a: Hippopotas|100/100
|
|-weather|Sandstorm|[upkeep]
|-damage|p1a: Natu|74/100|[from] Sandstorm
|upkeep
|turn|52
|
|t:|1624840698
|move|p1a: Natu|Heat Wave|p2a: Hippopotas|[miss]
|-miss|p1a: Natu|p2a: Hippopotas
|move|p2a: Hippopotas|Crunch|p1a: Natu
|-supereffective|p1a: Natu
|-damage|p1a: Natu|31/100
|
|-weather|Sandstorm|[upkeep]
|-damage|p1a: Natu|27/100|[from] Sandstorm
|upkeep
|turn|53
|inactive|umbri flip! has 60 seconds left.
|
|t:|1624840708
|move|p1a: Natu|Roost|p1a: Natu
|-heal|p1a: Natu|79/100
|-singleturn|p1a: Natu|move: Roost
|move|p2a: Hippopotas|Crunch|p1a: Natu
|-supereffective|p1a: Natu
|-damage|p1a: Natu|27/100
|
|-weather|Sandstorm|[upkeep]
|-damage|p1a: Natu|22/100|[from] Sandstorm
|upkeep
|turn|54
|inactive|umbri flip! has 60 seconds left.
|
|t:|1624840715
|move|p1a: Natu|Roost|p1a: Natu
|-heal|p1a: Natu|74/100
|-singleturn|p1a: Natu|move: Roost
|move|p2a: Hippopotas|Earthquake|p1a: Natu
|-damage|p1a: Natu|35/100
|
|-weather|Sandstorm|[upkeep]
|-damage|p1a: Natu|31/100|[from] Sandstorm
|upkeep
|turn|55
|
|t:|1624840725
|move|p1a: Natu|Roost|p1a: Natu
|-heal|p1a: Natu|83/100
|-singleturn|p1a: Natu|move: Roost
|move|p2a: Hippopotas|Crunch|p1a: Natu
|-supereffective|p1a: Natu
|-damage|p1a: Natu|40/100
|
|-weather|Sandstorm|[upkeep]
|-damage|p1a: Natu|35/100|[from] Sandstorm
|upkeep
|turn|56
|
|t:|1624840730
|move|p1a: Natu|Roost|p1a: Natu
|-heal|p1a: Natu|87/100
|-singleturn|p1a: Natu|move: Roost
|move|p2a: Hippopotas|Crunch|p1a: Natu
|-supereffective|p1a: Natu
|-damage|p1a: Natu|35/100
|
|-weather|Sandstorm|[upkeep]
|-damage|p1a: Natu|31/100|[from] Sandstorm
|upkeep
|turn|57
|
|t:|1624840733
|move|p1a: Natu|Roost|p1a: Natu
|-heal|p1a: Natu|83/100
|-singleturn|p1a: Natu|move: Roost
|move|p2a: Hippopotas|Crunch|p1a: Natu
|-supereffective|p1a: Natu
|-damage|p1a: Natu|40/100
|
|-weather|Sandstorm|[upkeep]
|-damage|p1a: Natu|35/100|[from] Sandstorm
|upkeep
|turn|58
|
|t:|1624840740
|move|p1a: Natu|Roost|p1a: Natu
|-heal|p1a: Natu|87/100
|-singleturn|p1a: Natu|move: Roost
|move|p2a: Hippopotas|Crunch|p1a: Natu
|-supereffective|p1a: Natu
|-damage|p1a: Natu|44/100
|
|-weather|Sandstorm|[upkeep]
|-damage|p1a: Natu|40/100|[from] Sandstorm
|upkeep
|turn|59
|inactive|iss has 270 seconds left.
|c|+Bushtush|bismillah please 
|inactive|iss has 240 seconds left.
|
|t:|1624840829
|move|p1a: Natu|Psychic|p2a: Hippopotas
|-damage|p2a: Hippopotas|72/100
|move|p2a: Hippopotas|Crunch|p1a: Natu
|-supereffective|p1a: Natu
|-damage|p1a: Natu|0 fnt
|faint|p1a: Natu
|
|-weather|Sandstorm|[upkeep]
|upkeep
|
|t:|1624840833
|switch|p1a: Vullaby|Vullaby, L5, F|100/100
|-damage|p1a: Vullaby|76/100|[from] Stealth Rock
|turn|60
|inactive|umbri flip! has 90 seconds left.
|
|t:|1624840860
|switch|p2a: Lileep|Lileep, L5, M|80/100 par
|move|p1a: Vullaby|Nasty Plot|p1a: Vullaby
|-boost|p1a: Vullaby|spa|2
|
|-weather|Sandstorm|[upkeep]
|-damage|p1a: Vullaby|72/100|[from] Sandstorm
|upkeep
|turn|61
|inactive|umbri flip! has 90 seconds left.
|
|t:|1624840878
|move|p1a: Vullaby|Taunt|p2a: Lileep
|-start|p2a: Lileep|move: Taunt
|cant|p2a: Lileep|move: Taunt|Toxic
|
|-weather|Sandstorm|[upkeep]
|-damage|p1a: Vullaby|68/100|[from] Sandstorm
|upkeep
|turn|62
|inactive|umbri flip! has 90 seconds left.
|inactive|iss has 240 seconds left.
|c|☆umbri flip!|this is the worst day of my life
|
|t:|1624840902
|move|p1a: Vullaby|Air Slash|p2a: Lileep
|-damage|p2a: Lileep|29/100 par
|cant|p2a: Lileep|flinch
|
|-weather|Sandstorm|[upkeep]
|-damage|p1a: Vullaby|64/100|[from] Sandstorm
|upkeep
|turn|63
|inactive|umbri flip! has 90 seconds left.
|c|☆iss|D:
|
|t:|1624840918
|move|p1a: Vullaby|Air Slash|p2a: Lileep
|-damage|p2a: Lileep|0 fnt
|faint|p2a: Lileep
|
|-weather|Sandstorm|[upkeep]
|-damage|p1a: Vullaby|60/100|[from] Sandstorm
|upkeep
|c|☆umbri flip!|u a liar
|c|☆umbri flip!|u smiling
|c|+Shrug|im with him rn. hes frowning
|inactive|umbri flip! has 60 seconds left.
|
|t:|1624840956
|switch|p2a: Frillish|Frillish, L5, M|52/100 brn
|turn|64
|
|t:|1624840963
|move|p1a: Vullaby|Taunt|p2a: Frillish
|-start|p2a: Frillish|move: Taunt
|cant|p2a: Frillish|move: Taunt|Psych Up
|
|-weather|Sandstorm|[upkeep]
|-damage|p1a: Vullaby|57/100|[from] Sandstorm
|-damage|p2a: Frillish|48/100 brn|[from] Sandstorm
|-damage|p2a: Frillish|36/100 brn|[from] brn
|upkeep
|turn|65
|c|☆umbri flip!|hacker
|inactive|umbri flip! has 60 seconds left.
|
|t:|1624840979
|move|p1a: Vullaby|Roost|p1a: Vullaby
|-heal|p1a: Vullaby|100/100
|-singleturn|p1a: Vullaby|move: Roost
|move|p2a: Frillish|Shadow Ball|p1a: Vullaby
|-resisted|p1a: Vullaby
|-damage|p1a: Vullaby|88/100
|
|-weather|Sandstorm|[upkeep]
|-damage|p1a: Vullaby|84/100|[from] Sandstorm
|-damage|p2a: Frillish|32/100 brn|[from] Sandstorm
|-damage|p2a: Frillish|20/100 brn|[from] brn
|upkeep
|turn|66
|
|t:|1624840989
|move|p1a: Vullaby|Air Slash|p2a: Frillish
|-damage|p2a: Frillish|0 fnt
|faint|p2a: Frillish
|
|-weather|Sandstorm|[upkeep]
|-damage|p1a: Vullaby|80/100|[from] Sandstorm
|upkeep
|inactive|umbri flip! has 60 seconds left.
|
|t:|1624841000
|switch|p2a: Porygon|Porygon, L5|35/100
|-ability|p2a: Porygon|Weak Armor|[from] ability: Trace|[of] p1a: Vullaby
|turn|67
|
|t:|1624841003
|move|p1a: Vullaby|Air Slash|p2a: Porygon
|-damage|p2a: Porygon|0 fnt
|faint|p2a: Porygon
|
|-weather|Sandstorm|[upkeep]
|-damage|p1a: Vullaby|76/100|[from] Sandstorm
|upkeep
|
|t:|1624841009
|switch|p2a: Timburr|Timburr, L5, F|50/100
|turn|68
|
|t:|1624841015
|move|p1a: Vullaby|Air Slash|p2a: Timburr
|-supereffective|p2a: Timburr
|-damage|p2a: Timburr|0 fnt
|faint|p2a: Timburr
|
|-weather|Sandstorm|[upkeep]
|-damage|p1a: Vullaby|72/100|[from] Sandstorm
|upkeep
|
|t:|1624841017
|switch|p2a: Hippopotas|Hippopotas, L5, F|72/100
|turn|69
|c|☆umbri flip!|good game
|
|t:|1624841021
|move|p1a: Vullaby|Air Slash|p2a: Hippopotas
|-damage|p2a: Hippopotas|24/100
|move|p2a: Hippopotas|Crunch|p1a: Vullaby
|-resisted|p1a: Vullaby
|-damage|p1a: Vullaby|64/100
|-ability|p1a: Vullaby|Weak Armor|boost
|-unboost|p1a: Vullaby|def|1
|-boost|p1a: Vullaby|spe|1
|
|-weather|Sandstorm|[upkeep]
|-damage|p1a: Vullaby|60/100|[from] Sandstorm
|upkeep
|turn|70
|c|☆iss|gg
|
|t:|1624841029
|move|p1a: Vullaby|Air Slash|p2a: Hippopotas
|-damage|p2a: Hippopotas|0 fnt
|faint|p2a: Hippopotas
|
|win|iss
