|inactive|Battle timer is ON: inactive players will automatically lose when time's up.
|t:|1636826622
|gametype|singles
|player|p1|Finchinator|#finchinator|
|player|p2|Nalorium|elesa|
|teamsize|p1|6
|teamsize|p2|6
|gen|5
|tier|[Gen 5] UU
|rule|Species Clause: Limit one of each Pokémon
|rule|OHKO Clause: OHKO moves are banned
|rule|Moody Clause: Moody is banned
|rule|Evasion Moves Clause: Evasion moves are banned
|rule|Endless Battle Clause: Forcing endless battles is banned
|rule|HP Percentage Mod: HP is shown in percentages
|rule|Evasion Abilities Clause: Evasion abilities are banned
|rule|Baton Pass Clause: Limit one Baton Passer, can't pass Spe and other stats simultaneously
|rule|Swagger Clause: Swagger is banned
|rule|Sleep Clause Mod: Limit one foe put to sleep
|clearpoke
|poke|p1|Scolipede, F|item
|poke|p1|Togekiss, F|item
|poke|p1|Rhyperior, F|item
|poke|p1|Cofagrigus, F|item
|poke|p1|Kingdra, F|item
|poke|p1|Heracross, M|item
|poke|p2|Bronzong|item
|poke|p2|Krookodile, M|item
|poke|p2|Raikou|item
|poke|p2|Snorlax, M|item
|poke|p2|Suicune|item
|poke|p2|Xatu, M|item
|teampreview
|c|☆Finchinator|hf
|c|☆Nalorium|hf
|inactive|Nalorium has 270 seconds left.
|inactive|Nalorium has 240 seconds left.
|c|+Luirromen|Vamos Nalorium '-'
|c|+Adaam|Finch.
|c|+IamFakee ☾|Nal or ium
|inactive|Nalorium has 210 seconds left.
|c|+Luirromen|Bd IamFakee
|c|+IamFakee ☾|Bd 
|inactive|Nalorium has 180 seconds left.
|inactive|Nalorium has 150 seconds left.
|
|t:|1636826773
|start
|switch|p1a: Togekiss|Togekiss, F|100/100
|switch|p2a: Mayorca|Raikou|100/100
|-ability|p2a: Mayorca|Pressure
|turn|1
|inactive|Nalorium has 210 seconds left.
|inactive|Nalorium has 180 seconds left.
|
|t:|1636826814
|move|p2a: Mayorca|Thunderbolt|p1a: Togekiss
|-supereffective|p1a: Togekiss
|-damage|p1a: Togekiss|2/100
|move|p1a: Togekiss|Tri Attack|p2a: Mayorca
|-crit|p2a: Mayorca
|-damage|p2a: Mayorca|0 fnt
|faint|p2a: Mayorca
|
|upkeep
|inactive|Nalorium has 180 seconds left.
|c|+Luthier|.
|c|☆Finchinator|sorry
|c|☆Nalorium|252 SpA Expert Belt Raikou Thunderbolt vs. 0 HP / 4 SpD Togekiss: 305-360 (98 - 115.7%) -- 87.5% chance to OHKO
|c|+Bushtush|man shut ur ass up poopthier
|c|☆Finchinator|i have hella bulk
|c|+Bushtush|fucking get outta here
|
|t:|1636826836
|switch|p2a: Milhouse Shakurr|Krookodile, M|100/100
|turn|2
|c|+Luthier|bush u want me to beat ur ass to the ground again? 
|
|t:|1636826844
|-activate|p1a: Togekiss|move: Pursuit
|move|p2a: Milhouse Shakurr|Pursuit|p1a: Togekiss|[from]Pursuit
|-damage|p1a: Togekiss|0 fnt
|faint|p1a: Togekiss
|-ability|p2a: Milhouse Shakurr|Moxie|boost
|-boost|p2a: Milhouse Shakurr|atk|1
|-hint|A Pokemon can't switch between when it runs out of HP and when it faints
|
|upkeep
|c|+Luthier|keep talking see what happens 
|
|t:|1636826846
|switch|p1a: Scolipede|Scolipede, F|100/100
|turn|3
|c|+Adaam|Luthier.
|c|+Adaam|Language.
|c|+Luthier|Love. 
|c|+Luthier|Life. 
|inactive|Nalorium has 180 seconds left.
|c|+Adaam|Ligma.
|
|t:|1636826862
|switch|p2a: Matt|Xatu, M|100/100
|move|p1a: Scolipede|Megahorn|p2a: Matt
|-damage|p2a: Matt|57/100
|-damage|p1a: Scolipede|84/100|[from] item: Rocky Helmet|[of] p2a: Matt
|
|upkeep
|turn|4
|c|+Adaam|0
|c|+Adaam|wrong chat
|c|+H.M.N.I.P|0
|c|+Bushtush|u are a cheater and ur legs suck
|inactive|Nalorium has 180 seconds left.
|
|t:|1636826884
|switch|p1a: Kingdra|Kingdra, F|100/100
|move|p2a: Matt|Roost|p2a: Matt
|-heal|p2a: Matt|100/100
|-singleturn|p2a: Matt|move: Roost
|
|upkeep
|turn|5
|inactive|Nalorium has 180 seconds left.
|c|+Luthier|suck my toes bush 
|c|+Luthier|i know ur into that 
|c|+ramoloST|hello adaam
|c|+ChillShadow|but you want HIM to suck YOUR toes
|inactive|Nalorium has 150 seconds left.
|c|+Adaam|jesus christ luth one more line out of you im renting an RV to drive straight to your neighborhood with 10 other dudes
|c|+Bushtush|u got ranch on em?
|c|+ChillShadow|does that mean you're into that too
|
|t:|1636826929
|switch|p2a: Italoamericano|Snorlax, M, shiny|100/100
|move|p1a: Kingdra|Hydro Pump|p2a: Italoamericano|[miss]
|-miss|p1a: Kingdra|p2a: Italoamericano
|
|upkeep
|turn|6
|c|+Adaam|and we are gonna come after those toes
|c|+Adaam|one man per toe
|c|+Bushtush|OH MY GOD
|c|+Bushtush|OFC
|inactive|Nalorium has 150 seconds left.
|
|t:|1636826966
|move|p1a: Kingdra|Dragon Pulse|p2a: Italoamericano
|-damage|p2a: Italoamericano|79/100
|-damage|p1a: Kingdra|91/100|[from] item: Life Orb
|move|p2a: Italoamericano|Curse|p2a: Italoamericano
|-unboost|p2a: Italoamericano|spe|1
|-boost|p2a: Italoamericano|atk|1
|-boost|p2a: Italoamericano|def|1
|
|-heal|p2a: Italoamericano|85/100|[from] item: Leftovers
|upkeep
|turn|7
|c|+ChillShadow|pulse..
|c|+ChillShadow|alright finchinator
|inactive|Nalorium has 120 seconds left.
|c|+ChillShadow|just cuz ur a td now doesnt mean u can get away with dpulse kingdra
|c|☆Finchinator|wdym
|c|☆Finchinator|all rd should be dpulse
|c|+Adaam|hes bluffing its not rid
|inactive|Nalorium has 90 seconds left.
|
|t:|1636827017
|switch|p1a: Rhyperior|Rhyperior, F|100/100
|switch|p2a: FELACIONADOR 1050|Bronzong, shiny|100/100
|
|upkeep
|turn|8
|c|+Luthier|rid of ur urself adaam 
|c|+H.M.N.I.P|Fire double
|inactive|Nalorium has 90 seconds left.
|c|+Highways|,
|c|+Luthier|urself* 
|
|t:|1636827034
|move|p1a: Rhyperior|Stealth Rock|p2a: FELACIONADOR 1050
|-sidestart|p2: Nalorium|move: Stealth Rock
|move|p2a: FELACIONADOR 1050|Toxic|p1a: Rhyperior
|-status|p1a: Rhyperior|tox
|
|-damage|p1a: Rhyperior|94/100 tox|[from] psn
|upkeep
|turn|9
|c|+Luirromen|FELACIONADOR 1050
|c|+Highways|what the fuck is that nickname nalorium
|c|+ChillShadow|up
|c|+Adaam|up
|c|+Highways|LOL
|c|+Luthier|LOL
|
|t:|1636827043
|switch|p1a: Scolipede|Scolipede, F|84/100
|move|p2a: FELACIONADOR 1050|Stealth Rock|p1a: Scolipede
|-sidestart|p1: Finchinator|move: Stealth Rock
|
|upkeep
|turn|10
|c|+IamFakee ☾|FELACIONADOR 1050
|inactive|Nalorium has 90 seconds left.
|
|t:|1636827067
|switch|p2a: Matt|Xatu, M|100/100
|-damage|p2a: Matt|76/100|[from] Stealth Rock
|move|p1a: Scolipede|Toxic Spikes|p2a: Matt
|move|p2a: Matt|Toxic Spikes|p1a: Scolipede|[from]ability: Magic Bounce
|-sidestart|p1: Finchinator|move: Toxic Spikes
|
|upkeep
|turn|11
|
|t:|1636827071
|switch|p1a: Rhyperior|Rhyperior, F|94/100 tox
|-damage|p1a: Rhyperior|88/100 tox|[from] Stealth Rock
|move|p2a: Matt|Roost|p2a: Matt
|-heal|p2a: Matt|100/100
|-singleturn|p2a: Matt|move: Roost
|
|-heal|p1a: Rhyperior|94/100 tox|[from] item: Leftovers
|-damage|p1a: Rhyperior|88/100 tox|[from] psn
|upkeep
|turn|12
|c|+Luthier|.
|c|+Luthier|ungodly 
|c|+ChillShadow|oof
|
|t:|1636827076
|move|p2a: Matt|Grass Knot|p1a: Rhyperior
|-supereffective|p1a: Rhyperior
|-damage|p1a: Rhyperior|17/100 tox
|move|p1a: Rhyperior|Rock Blast|p2a: Matt
|-supereffective|p2a: Matt
|-damage|p2a: Matt|75/100
|-supereffective|p2a: Matt
|-damage|p2a: Matt|50/100
|-hitcount|p2a: Matt|2
|
|-heal|p1a: Rhyperior|24/100 tox|[from] item: Leftovers
|-damage|p1a: Rhyperior|11/100 tox|[from] psn
|upkeep
|turn|13
|c|+Luirromen|how
|c|+ChillShadow|luis ramen
|c|+ChillShadow|how are u
|c|+ChillShadow|my friend..
|c|+Luirromen|Im fine
|
|t:|1636827100
|move|p2a: Matt|Psyshock|p1a: Rhyperior
|-damage|p1a: Rhyperior|0 fnt
|faint|p1a: Rhyperior
|
|upkeep
|c|+Luirromen|What about u
|
|t:|1636827104
|switch|p1a: Kingdra|Kingdra, F|91/100
|-status|p1a: Kingdra|psn
|-damage|p1a: Kingdra|78/100 psn|[from] Stealth Rock
|turn|14
|c|+ChillShadow|im doing well
|
|t:|1636827122
|switch|p2a: Italoamericano|Snorlax, M, shiny|85/100
|-damage|p2a: Italoamericano|73/100|[from] Stealth Rock
|move|p1a: Kingdra|Hydro Pump|p2a: Italoamericano
|-damage|p2a: Italoamericano|43/100
|-damage|p1a: Kingdra|68/100 psn|[from] item: Life Orb
|
|-heal|p2a: Italoamericano|49/100|[from] item: Leftovers
|-damage|p1a: Kingdra|56/100 psn|[from] psn
|upkeep
|turn|15
|c|+Luirromen|Cool
|c|+IamFakee ☾|0
|
|t:|1636827131
|switch|p1a: Scolipede|Scolipede, F|84/100
|-damage|p1a: Scolipede|59/100|[from] Stealth Rock
|-sideend|p1: Finchinator|move: Toxic Spikes|[of] p1a: Scolipede
|move|p2a: Italoamericano|Rest|p2a: Italoamericano
|-status|p2a: Italoamericano|slp|[from] move: Rest
|-heal|p2a: Italoamericano|100/100 slp|[silent]
|
|upkeep
|turn|16
|
|t:|1636827146
|switch|p2a: Matt|Xatu, M|50/100
|-damage|p2a: Matt|25/100|[from] Stealth Rock
|move|p1a: Scolipede|Megahorn|p2a: Matt
|-damage|p2a: Matt|0 fnt
|-damage|p1a: Scolipede|43/100|[from] item: Rocky Helmet|[of] p2a: Matt
|faint|p2a: Matt
|
|upkeep
|
|t:|1636827153
|switch|p2a: Milhouse Shakurr|Krookodile, M|100/100
|-damage|p2a: Milhouse Shakurr|94/100|[from] Stealth Rock
|turn|17
|
|t:|1636827167
|switch|p1a: Kingdra|Kingdra, F|56/100 psn
|-damage|p1a: Kingdra|43/100 psn|[from] Stealth Rock
|move|p2a: Milhouse Shakurr|Earthquake|p1a: Kingdra
|-damage|p1a: Kingdra|0 fnt
|faint|p1a: Kingdra
|-ability|p2a: Milhouse Shakurr|Moxie|boost
|-boost|p2a: Milhouse Shakurr|atk|1
|
|upkeep
|
|t:|1636827169
|switch|p1a: Heracross|Heracross, M|100/100
|-damage|p1a: Heracross|88/100|[from] Stealth Rock
|turn|18
|inactive|Nalorium has 90 seconds left.
|
|t:|1636827192
|switch|p2a: Italoamericano|Snorlax, M, shiny|100/100 slp
|-damage|p2a: Italoamericano|88/100 slp|[from] Stealth Rock
|move|p1a: Heracross|Megahorn|p2a: Italoamericano
|-crit|p2a: Italoamericano
|-damage|p2a: Italoamericano|0 fnt
|faint|p2a: Italoamericano
|-ability|p1a: Heracross|Moxie|boost
|-boost|p1a: Heracross|atk|1
|
|upkeep
|inactive|Nalorium has 90 seconds left.
|
|t:|1636827211
|switch|p2a: Montana|Suicune, shiny|100/100
|-damage|p2a: Montana|88/100|[from] Stealth Rock
|-ability|p2a: Montana|Pressure
|turn|19
|
|t:|1636827214
|move|p1a: Heracross|Megahorn|p2a: Montana
|-damage|p2a: Montana|19/100
|move|p2a: Montana|Scald|p1a: Heracross
|-damage|p1a: Heracross|57/100
|-status|p1a: Heracross|brn
|
|-heal|p2a: Montana|25/100|[from] item: Leftovers
|-damage|p1a: Heracross|45/100 brn|[from] brn
|upkeep
|turn|20
|inactive|Nalorium has 90 seconds left.
|c|+r0ady|when your hera counter is scald burn
|c|+KM|vibez
|c|+Luthier|when you can just crit everything anyways 
|inactive|Finchinator has 270 seconds left.
|c|☆Finchinator|i mean 
|c|☆Finchinator|the kou was in megahorn range
|c|+Luirromen|Se viene
|inactive|Nalorium has 60 seconds left.
|inactive|Finchinator has 240 seconds left.
|c|+Luthier|finch has this selective filter in his head where the only luck that matters in the game is the one that goes against him 
|inactive|Nalorium has 30 seconds left.
|c|+Bushtush|ok now ur actin real cringe 
|c|☆Finchinator|ok no i said sorry and the turn def mattered
|inactive|Finchinator has 210 seconds left.
|c|☆Finchinator|but he also had no bug resist in bw
|c|+H.M.N.I.P|He had no fear of Volcarona
|c|+H.M.N.I.P|Respectable
|inactive|Finchinator has 180 seconds left.
|c|☆Finchinator|your comment is just pretty rude luth :(
|
|t:|1636827351
|move|p2a: Montana|Protect|p2a: Montana
|-singleturn|p2a: Montana|Protect
|move|p1a: Heracross|Megahorn|p2a: Montana
|-activate|p2a: Montana|move: Protect
|
|-heal|p2a: Montana|32/100|[from] item: Leftovers
|-damage|p1a: Heracross|32/100 brn|[from] brn
|upkeep
|turn|21
|
|t:|1636827355
|move|p1a: Heracross|Megahorn|p2a: Montana
|-crit|p2a: Montana
|-damage|p2a: Montana|0 fnt
|faint|p2a: Montana
|-ability|p1a: Heracross|Moxie|boost
|-boost|p1a: Heracross|atk|1
|
|-damage|p1a: Heracross|20/100 brn|[from] brn
|upkeep
|c|+KM|slay
|inactive|Nalorium has 30 seconds left.
|c|+IamFakee ☾|ojo
|
|t:|1636827374
|switch|p2a: Milhouse Shakurr|Krookodile, M|94/100
|-damage|p2a: Milhouse Shakurr|88/100|[from] Stealth Rock
|turn|22
|
|t:|1636827378
|move|p2a: Milhouse Shakurr|Crunch|p1a: Heracross
|-resisted|p1a: Heracross
|-damage|p1a: Heracross|0 fnt
|faint|p1a: Heracross
|-ability|p2a: Milhouse Shakurr|Moxie|boost
|-boost|p2a: Milhouse Shakurr|atk|1
|
|upkeep
|
|t:|1636827380
|switch|p1a: Cofagrigus|Cofagrigus, F|100/100
|-damage|p1a: Cofagrigus|88/100|[from] Stealth Rock
|turn|23
|
|t:|1636827385
|move|p2a: Milhouse Shakurr|Crunch|p1a: Cofagrigus
|-supereffective|p1a: Cofagrigus
|-damage|p1a: Cofagrigus|3/100
|-activate|p1a: Cofagrigus|ability: Mummy|Moxie|[of] p2a: Milhouse Shakurr
|move|p1a: Cofagrigus|Trick Room|p1a: Cofagrigus
|-fieldstart|move: Trick Room|[of] p1a: Cofagrigus
|
|-heal|p1a: Cofagrigus|9/100|[from] item: Leftovers
|upkeep
|turn|24
|c|+ChillShadow|snack
|c|+Adaam|crit
|c|+Donny P.|ate
|c|+Luirromen|'-'
|inactive|Nalorium has 30 seconds left.
|c|+TNunes|Só n perder aq
|c|+TNunes|Bó
|c|+IamFakee ☾|eso en el test no pasaba
|inactive|Nalorium has 20 seconds left.
|
|t:|1636827426
|move|p1a: Cofagrigus|Hidden Power|p2a: Milhouse Shakurr
|-supereffective|p2a: Milhouse Shakurr
|-damage|p2a: Milhouse Shakurr|32/100
|move|p2a: Milhouse Shakurr|Crunch|p1a: Cofagrigus
|-supereffective|p1a: Cofagrigus
|-damage|p1a: Cofagrigus|0 fnt
|faint|p1a: Cofagrigus
|
|upkeep
|inactive|Nalorium has 25 seconds left this turn.
|
|t:|1636827429
|switch|p1a: Scolipede|Scolipede, F|43/100
|-damage|p1a: Scolipede|18/100|[from] Stealth Rock
|turn|25
|c|+A HERO'S DESTINY|ql tour isso IamFakee
|inactive|Nalorium has 30 seconds left.
|c|☆Finchinator|tough one, gg 
|c|+IamFakee ☾|uusd
|c|☆Finchinator|idk what luth's issue is bop
|inactive|Nalorium has 20 seconds left.
|c|+ChillShadow|bop
|inactive|Nalorium has 15 seconds left.
|inactive|Nalorium has 10 seconds left.
|
|t:|1636827456
|move|p1a: Scolipede|Megahorn|p2a: Milhouse Shakurr
|-supereffective|p2a: Milhouse Shakurr
|-damage|p2a: Milhouse Shakurr|0 fnt
|-activate|p2a: Milhouse Shakurr|ability: Mummy|Swarm|[of] p1a: Scolipede
|faint|p2a: Milhouse Shakurr
|
|upkeep
|inactive|Nalorium has 15 seconds left this turn.
|
|t:|1636827458
|switch|p2a: FELACIONADOR 1050|Bronzong, shiny|100/100
|-damage|p2a: FELACIONADOR 1050|94/100|[from] Stealth Rock
|turn|26
|inactive|Nalorium has 25 seconds left this turn.
|c|☆Nalorium|gg
|inactive|Finchinator has 240 seconds left.
|c|+Luirromen|FELACIONADOR 1050
|
|t:|1636827471
|move|p2a: FELACIONADOR 1050|Earthquake|p1a: Scolipede
|-damage|p1a: Scolipede|0 fnt
|faint|p1a: Scolipede
|
|win|Nalorium
|inactive|Nalorium has 30 seconds left this turn.
|c|+IamFakee ☾|FELACIONADOR 1050
