|inactive|Battle timer is ON: inactive players will automatically lose when time's up.
|t:|1642188473
|gametype|singles
|player|p1|Laroxyl|#scl1spartans|
|player|p2|gali|cowgirl|
|teamsize|p1|6
|teamsize|p2|6
|gen|5
|tier|[Gen 5] LC
|rule|Species Clause: Limit one of each Pokémon
|rule|OHKO Clause: OHKO moves are banned
|rule|Moody Clause: Moody is banned
|rule|Evasion Moves Clause: Evasion moves are banned
|rule|Endless Battle Clause: Forcing endless battles is banned
|rule|HP Percentage Mod: HP is shown in percentages
|rule|Sleep Clause: Sleep-inducing moves are banned
|clearpoke
|poke|p1|Porygon, L5|item
|poke|p1|Mienfoo, L5, F|item
|poke|p1|Pawniard, L5, M|item
|poke|p1|Frillish, L5, M|item
|poke|p1|Diglett, L5, M|item
|poke|p1|Natu, L5, M|item
|poke|p2|Mienfoo, L5, M|item
|poke|p2|Abra, L5, F|item
|poke|p2|Trapinch, L5, M|item
|poke|p2|Gastly, L5, M|item
|poke|p2|Chinchou, L5, F|item
|poke|p2|Vullaby, L5, F|item
|teampreview
|c|☆gali|hf
|c|☆Laroxyl|hf
|inactive|gali has 270 seconds left.
|
|t:|1642188506
|start
|switch|p1a: Frillish|Frillish, L5, M|100/100
|switch|p2a: Mienfoo|Mienfoo, L5, M|100/100
|turn|1
|
|t:|1642188516
|move|p2a: Mienfoo|Taunt|p1a: Frillish
|-start|p1a: Frillish|move: Taunt
|cant|p1a: Frillish|move: Taunt|Will-O-Wisp
|
|upkeep
|turn|2
|
|t:|1642188524
|move|p2a: Mienfoo|Knock Off|p1a: Frillish
|-supereffective|p1a: Frillish
|-damage|p1a: Frillish|84/100
|-enditem|p1a: Frillish|Eviolite|[from] move: Knock Off|[of] p2a: Mienfoo
|move|p1a: Frillish|Scald|p2a: Mienfoo
|-damage|p2a: Mienfoo|74/100
|
|upkeep
|turn|3
|
|t:|1642188540
|move|p2a: Mienfoo|U-turn|p1a: Frillish
|-resisted|p1a: Frillish
|-damage|p1a: Frillish|71/100
|
|t:|1642188552
|switch|p2a: Chinchou|Chinchou, L5, F|100/100|[from]move: U-turn
|move|p1a: Frillish|Scald|p2a: Chinchou
|-immune|p2a: Chinchou|[from] ability: Water Absorb
|
|-end|p1a: Frillish|move: Taunt
|upkeep
|turn|4
|
|t:|1642188570
|switch|p1a: Mienfoo|Mienfoo, L5, F|100/100
|move|p2a: Chinchou|Volt Switch|p1a: Mienfoo
|-damage|p1a: Mienfoo|67/100
|inactive|gali has 270 seconds left.
|
|t:|1642188619
|switch|p2a: Gastly|Gastly, L5, M|100/100|[from]move: Volt Switch
|
|upkeep
|turn|5
|
|t:|1642188632
|switch|p1a: Porygon|Porygon, L5|100/100
|-ability|p1a: Porygon|Levitate|[from] ability: Trace|[of] p2a: Gastly
|move|p2a: Gastly|Trick|p1a: Porygon
|-activate|p2a: Gastly|move: Trick|[of] p1a: Porygon
|-item|p1a: Porygon|Black Sludge|[from] move: Trick
|-item|p2a: Gastly|Eviolite|[from] move: Trick
|
|-damage|p1a: Porygon|89/100|[from] item: Black Sludge
|upkeep
|turn|6
|inactive|gali has 240 seconds left.
|
|t:|1642188652
|switch|p2a: Mienfoo|Mienfoo, L5, M|100/100
|move|p1a: Porygon|Thunder Wave|p2a: Mienfoo
|-status|p2a: Mienfoo|par
|
|-damage|p1a: Porygon|77/100|[from] item: Black Sludge
|upkeep
|turn|7
|inactive|gali has 240 seconds left.
|
|t:|1642188666
|switch|p1a: Mienfoo|Mienfoo, L5, F|100/100
|move|p2a: Mienfoo|U-turn|p1a: Mienfoo
|-resisted|p1a: Mienfoo
|-damage|p1a: Mienfoo|91/100
|
|t:|1642188679
|switch|p2a: Abra|Abra, L5, F|100/100|[from]move: U-turn
|
|upkeep
|turn|8
|inactive|Laroxyl has 270 seconds left.
|
|t:|1642188732
|switch|p1a: Natu|Natu, L5, M|100/100
|move|p2a: Abra|Psychic|p1a: Natu
|-resisted|p1a: Natu
|-damage|p1a: Natu|66/100
|
|upkeep
|turn|9
|
|t:|1642188752
|switch|p1a: Pawniard|Pawniard, L5, M|100/100
|move|p2a: Abra|Shadow Ball|p1a: Pawniard
|-resisted|p1a: Pawniard
|-damage|p1a: Pawniard|86/100
|
|upkeep
|turn|10
|
|t:|1642188767
|move|p2a: Abra|Hidden Power|p1a: Pawniard
|-supereffective|p1a: Pawniard
|-damage|p1a: Pawniard|0 fnt
|faint|p1a: Pawniard
|
|upkeep
|
|t:|1642188770
|switch|p1a: Diglett|Diglett, L5, M|100/100
|turn|11
|
|t:|1642188781
|move|p1a: Diglett|Pursuit|p2a: Abra
|-supereffective|p2a: Abra
|-damage|p2a: Abra|6/100
|-damage|p1a: Diglett|95/100|[from] item: Life Orb
|move|p2a: Abra|Psychic|p1a: Diglett
|-damage|p1a: Diglett|0 fnt
|faint|p1a: Diglett
|
|upkeep
|
|t:|1642188789
|switch|p1a: Porygon|Porygon, L5|77/100
|-ability|p1a: Porygon|Magic Guard|[from] ability: Trace|[of] p2a: Abra
|turn|12
|
|t:|1642188803
|move|p2a: Abra|Psychic|p1a: Porygon
|-damage|p1a: Porygon|4/100
|move|p1a: Porygon|Psychic|p2a: Abra
|-resisted|p2a: Abra
|-damage|p2a: Abra|0 fnt
|faint|p2a: Abra
|
|upkeep
|inactive|gali has 240 seconds left.
|
|t:|1642188814
|switch|p2a: Trapinch|Trapinch, L5, M|100/100
|turn|13
|
|t:|1642188816
|move|p2a: Trapinch|Quick Attack|p1a: Porygon
|-damage|p1a: Porygon|0 fnt
|faint|p1a: Porygon
|
|upkeep
|inactive|Laroxyl has 270 seconds left.
|
|t:|1642188840
|switch|p1a: Mienfoo|Mienfoo, L5, F|100/100
|turn|14
|
|t:|1642188848
|move|p1a: Mienfoo|Knock Off|p2a: Trapinch
|-damage|p2a: Trapinch|92/100
|-enditem|p2a: Trapinch|Eviolite|[from] move: Knock Off|[of] p1a: Mienfoo
|move|p2a: Trapinch|Earthquake|p1a: Mienfoo
|-damage|p1a: Mienfoo|58/100
|
|upkeep
|turn|15
|inactive|gali has 270 seconds left.
|
|t:|1642188858
|move|p1a: Mienfoo|U-turn|p2a: Trapinch
|-damage|p2a: Trapinch|61/100
|
|t:|1642188864
|switch|p1a: Natu|Natu, L5, M|66/100|[from]move: U-turn
|move|p2a: Trapinch|Earthquake|p1a: Natu
|-immune|p1a: Natu
|
|upkeep
|turn|16
|
|t:|1642188873
|switch|p1a: Mienfoo|Mienfoo, L5, F|91/100
|move|p2a: Trapinch|Crunch|p1a: Mienfoo
|-resisted|p1a: Mienfoo
|-damage|p1a: Mienfoo|77/100
|
|upkeep
|turn|17
|inactive|Laroxyl has 270 seconds left.
|
|t:|1642188888
|move|p1a: Mienfoo|U-turn|p2a: Trapinch
|-damage|p2a: Trapinch|31/100
|
|t:|1642188891
|switch|p1a: Natu|Natu, L5, M|66/100|[from]move: U-turn
|move|p2a: Trapinch|Earthquake|p1a: Natu
|-immune|p1a: Natu
|
|upkeep
|turn|18
|inactive|Laroxyl has 270 seconds left.
|
|t:|1642188910
|switch|p1a: Mienfoo|Mienfoo, L5, F|100/100
|move|p2a: Trapinch|Quick Attack|p1a: Mienfoo
|-damage|p1a: Mienfoo|86/100
|
|upkeep
|turn|19
|inactive|Laroxyl has 270 seconds left.
|
|t:|1642188938
|move|p2a: Trapinch|Quick Attack|p1a: Mienfoo
|-damage|p1a: Mienfoo|72/100
|move|p1a: Mienfoo|U-turn|p2a: Trapinch
|-damage|p2a: Trapinch|0 fnt
|faint|p2a: Trapinch
|
|t:|1642188943
|switch|p1a: Natu|Natu, L5, M|66/100|[from]move: U-turn
|
|upkeep
|
|t:|1642188947
|switch|p2a: Gastly|Gastly, L5, M|100/100
|turn|20
|
|t:|1642188954
|switch|p1a: Frillish|Frillish, L5, M|71/100
|move|p2a: Gastly|Shadow Ball|p1a: Frillish
|-supereffective|p1a: Frillish
|-damage|p1a: Frillish|0 fnt
|faint|p1a: Frillish
|
|upkeep
|
|t:|1642188957
|switch|p1a: Mienfoo|Mienfoo, L5, F|100/100
|turn|21
|inactive|Laroxyl has 270 seconds left.
|
|t:|1642188967
|move|p2a: Gastly|Will-O-Wisp|p1a: Mienfoo|[miss]
|-miss|p2a: Gastly|p1a: Mienfoo
|move|p1a: Mienfoo|Knock Off|p2a: Gastly
|-supereffective|p2a: Gastly
|-damage|p2a: Gastly|81/100
|-enditem|p2a: Gastly|Eviolite|[from] move: Knock Off|[of] p1a: Mienfoo
|
|upkeep
|turn|22
|
|t:|1642188972
|move|p2a: Gastly|Will-O-Wisp|p1a: Mienfoo
|-status|p1a: Mienfoo|brn
|move|p1a: Mienfoo|Knock Off|p2a: Gastly
|-supereffective|p2a: Gastly
|-damage|p2a: Gastly|67/100
|
|-damage|p1a: Mienfoo|91/100 brn|[from] brn
|upkeep
|turn|23
|
|t:|1642188980
|move|p2a: Gastly|Trick|p1a: Mienfoo
|-activate|p2a: Gastly|move: Trick|[of] p1a: Mienfoo
|-enditem|p1a: Mienfoo|Eviolite|[silent]|[from] move: Trick
|-item|p2a: Gastly|Eviolite|[from] move: Trick
|move|p1a: Mienfoo|Knock Off|p2a: Gastly
|-supereffective|p2a: Gastly
|-damage|p2a: Gastly|58/100
|-enditem|p2a: Gastly|Eviolite|[from] move: Knock Off|[of] p1a: Mienfoo
|
|-damage|p1a: Mienfoo|81/100 brn|[from] brn
|upkeep
|turn|24
|
|t:|1642188986
|move|p2a: Gastly|Sludge Bomb|p1a: Mienfoo
|-damage|p1a: Mienfoo|0 fnt
|faint|p1a: Mienfoo
|
|upkeep
|
|t:|1642188989
|switch|p1a: Natu|Natu, L5, M|66/100
|turn|25
|c|☆gali|gg
|c|☆Laroxyl|gg
|
|t:|1642188996
|move|p2a: Gastly|Shadow Ball|p1a: Natu
|-supereffective|p1a: Natu
|-damage|p1a: Natu|0 fnt
|faint|p1a: Natu
|
|win|gali
