|inactive|Battle timer is ON: inactive players will automatically lose when time's up.
|t:|1641951906
|gametype|singles
|player|p1|Finchinator|#finchinator|
|player|p2|MovieBob|roughneck-gen4|
|teamsize|p1|6
|teamsize|p2|6
|gen|5
|tier|[Gen 5] UU
|rule|Species Clause: Limit one of each Pokémon
|rule|OHKO Clause: OHKO moves are banned
|rule|Moody Clause: Moody is banned
|rule|Evasion Moves Clause: Evasion moves are banned
|rule|Endless Battle Clause: Forcing endless battles is banned
|rule|HP Percentage Mod: HP is shown in percentages
|rule|Evasion Abilities Clause: Evasion abilities are banned
|rule|Swagger Clause: Swagger is banned
|rule|Sleep Clause Mod: Limit one foe put to sleep
|clearpoke
|poke|p1|Mismagius, M|item
|poke|p1|Bronzong|item
|poke|p1|Qwilfish, F|item
|poke|p1|Flygon, F|item
|poke|p1|Mew|item
|poke|p1|Raikou|item
|poke|p2|Zapdos|item
|poke|p2|Weavile, F|item
|poke|p2|Ferroseed, F|item
|poke|p2|Blastoise, M|item
|poke|p2|Snorlax, M|item
|poke|p2|Nidoqueen, F|item
|teampreview
|c|☆Finchinator|hf
|c|☆MovieBob|hf
|inactive|MovieBob has 270 seconds left.
|inactive|MovieBob has 240 seconds left.
|inactive|MovieBob has 210 seconds left.
|
|t:|1641952012
|start
|switch|p1a: Mew|Mew|100/100
|switch|p2a: Roberto Paramount|Blastoise, M|100/100
|turn|1
|
|t:|1641952026
|move|p1a: Mew|Taunt|p2a: Roberto Paramount
|-start|p2a: Roberto Paramount|move: Taunt
|move|p2a: Roberto Paramount|Scald|p1a: Mew
|-damage|p1a: Mew|81/100
|
|-heal|p1a: Mew|87/100|[from] item: Leftovers
|upkeep
|turn|2
|
|t:|1641952031
|move|p1a: Mew|Will-O-Wisp|p2a: Roberto Paramount|[miss]
|-miss|p1a: Mew|p2a: Roberto Paramount
|move|p2a: Roberto Paramount|Scald|p1a: Mew
|-damage|p1a: Mew|68/100
|-status|p1a: Mew|brn
|-activate|p1a: Mew|ability: Synchronize
|-status|p2a: Roberto Paramount|brn
|
|-heal|p1a: Mew|74/100 brn|[from] item: Leftovers
|-damage|p1a: Mew|62/100 brn|[from] brn
|-damage|p2a: Roberto Paramount|88/100 brn|[from] brn
|upkeep
|turn|3
|inactive|MovieBob has 270 seconds left.
|
|t:|1641952038
|switch|p2a: CinemaRob|Zapdos|100/100
|-ability|p2a: CinemaRob|Pressure
|move|p1a: Mew|Soft-Boiled|p1a: Mew
|-heal|p1a: Mew|100/100 brn
|
|-damage|p1a: Mew|88/100 brn|[from] brn
|upkeep
|turn|4
|c|☆MovieBob|ty soup
|inactive|MovieBob has 270 seconds left.
|
|t:|1641952049
|move|p1a: Mew|Will-O-Wisp|p2a: CinemaRob|[miss]
|-miss|p1a: Mew|p2a: CinemaRob
|move|p2a: CinemaRob|Thunderbolt|p1a: Mew
|-damage|p1a: Mew|52/100 brn
|
|-heal|p1a: Mew|58/100 brn|[from] item: Leftovers
|-damage|p1a: Mew|46/100 brn|[from] brn
|upkeep
|turn|5
|c|☆MovieBob|mb
|
|t:|1641952056
|switch|p2a: Flick Robby|Weavile, F|100/100
|-ability|p2a: Flick Robby|Pressure
|move|p1a: Mew|Soft-Boiled|p1a: Mew
|-heal|p1a: Mew|96/100 brn
|
|-heal|p1a: Mew|100/100 brn|[from] item: Leftovers
|-damage|p1a: Mew|88/100 brn|[from] brn
|upkeep
|turn|6
|c|☆Finchinator|idt it matters
|c|☆Finchinator|this is bleakcico city
|inactive|MovieBob has 270 seconds left.
|inactive|Finchinator has 270 seconds left.
|
|t:|1641952102
|switch|p1a: Qwilfish|Qwilfish, F|100/100
|-ability|p1a: Qwilfish|Intimidate|boost
|-unboost|p2a: Flick Robby|atk|1
|move|p2a: Flick Robby|Night Slash|p1a: Qwilfish
|-damage|p1a: Qwilfish|70/100
|-damage|p2a: Flick Robby|91/100|[from] item: Life Orb
|
|-heal|p1a: Qwilfish|76/100|[from] item: Black Sludge
|upkeep
|turn|7
|inactive|MovieBob has 240 seconds left.
|
|t:|1641952130
|move|p2a: Flick Robby|Swords Dance|p2a: Flick Robby
|-boost|p2a: Flick Robby|atk|2
|move|p1a: Qwilfish|Spikes|p2a: Flick Robby
|-sidestart|p2: MovieBob|Spikes
|
|-heal|p1a: Qwilfish|82/100|[from] item: Black Sludge
|upkeep
|turn|8
|
|t:|1641952137
|move|p2a: Flick Robby|Night Slash|p1a: Qwilfish
|-damage|p1a: Qwilfish|16/100
|-damage|p2a: Flick Robby|81/100|[from] item: Life Orb
|move|p1a: Qwilfish|Waterfall|p2a: Flick Robby
|-damage|p2a: Flick Robby|37/100
|
|-heal|p1a: Qwilfish|22/100|[from] item: Black Sludge
|upkeep
|turn|9
|
|t:|1641952144
|move|p2a: Flick Robby|Night Slash|p1a: Qwilfish
|-damage|p1a: Qwilfish|0 fnt
|faint|p1a: Qwilfish
|-damage|p2a: Flick Robby|27/100|[from] item: Life Orb
|
|upkeep
|
|t:|1641952146
|switch|p1a: Bronzong|Bronzong|100/100
|turn|10
|inactive|MovieBob has 240 seconds left.
|
|t:|1641952186
|switch|p2a: MotionPictureBobby|Ferroseed, F|100/100
|-damage|p2a: MotionPictureBobby|88/100|[from] Spikes
|move|p1a: Bronzong|Earthquake|p2a: MotionPictureBobby
|-damage|p2a: MotionPictureBobby|71/100
|
|upkeep
|turn|11
|
|t:|1641952194
|move|p1a: Bronzong|Stealth Rock|p2a: MotionPictureBobby
|-sidestart|p2: MovieBob|move: Stealth Rock
|move|p2a: MotionPictureBobby|Leech Seed|p1a: Bronzong
|-start|p1a: Bronzong|move: Leech Seed
|
|-damage|p1a: Bronzong|88/100|[from] Leech Seed|[of] p2a: MotionPictureBobby
|-heal|p2a: MotionPictureBobby|85/100|[silent]
|upkeep
|turn|12
|
|t:|1641952198
|switch|p1a: Mew|Mew|88/100 brn
|move|p2a: MotionPictureBobby|Leech Seed|p1a: Mew|[miss]
|-miss|p2a: MotionPictureBobby|p1a: Mew
|
|-heal|p1a: Mew|94/100 brn|[from] item: Leftovers
|-damage|p1a: Mew|82/100 brn|[from] brn
|upkeep
|turn|13
|c|☆Finchinator|mb
|c|☆MovieBob|np
|
|t:|1641952214
|switch|p2a: Roberto Paramount|Blastoise, M|88/100 brn
|-damage|p2a: Roberto Paramount|76/100 brn|[from] Stealth Rock
|-damage|p2a: Roberto Paramount|63/100 brn|[from] Spikes
|move|p1a: Mew|Taunt|p2a: Roberto Paramount
|-start|p2a: Roberto Paramount|move: Taunt
|
|-heal|p1a: Mew|88/100 brn|[from] item: Leftovers
|-heal|p2a: Roberto Paramount|69/100 brn|[from] item: Leftovers
|-damage|p1a: Mew|76/100 brn|[from] brn
|-damage|p2a: Roberto Paramount|57/100 brn|[from] brn
|upkeep
|turn|14
|
|t:|1641952227
|switch|p1a: Mismagius|Mismagius, M|100/100
|move|p2a: Roberto Paramount|Scald|p1a: Mismagius
|-damage|p1a: Mismagius|73/100
|
|-heal|p1a: Mismagius|79/100|[from] item: Leftovers
|-heal|p2a: Roberto Paramount|63/100 brn|[from] item: Leftovers
|-damage|p2a: Roberto Paramount|50/100 brn|[from] brn
|upkeep
|turn|15
|
|t:|1641952233
|move|p1a: Mismagius|Nasty Plot|p1a: Mismagius
|-boost|p1a: Mismagius|spa|2
|move|p2a: Roberto Paramount|Scald|p1a: Mismagius
|-damage|p1a: Mismagius|50/100
|-status|p1a: Mismagius|brn
|
|-heal|p1a: Mismagius|56/100 brn|[from] item: Leftovers
|-heal|p2a: Roberto Paramount|57/100 brn|[from] item: Leftovers
|-damage|p1a: Mismagius|43/100 brn|[from] brn
|-damage|p2a: Roberto Paramount|44/100 brn|[from] brn
|-end|p2a: Roberto Paramount|move: Taunt
|upkeep
|turn|16
|
|t:|1641952262
|switch|p2a: FtrFilmRobert|Snorlax, M|100/100
|-damage|p2a: FtrFilmRobert|88/100|[from] Stealth Rock
|-damage|p2a: FtrFilmRobert|76/100|[from] Spikes
|move|p1a: Mismagius|Shadow Ball|p2a: FtrFilmRobert
|-immune|p2a: FtrFilmRobert
|
|-heal|p1a: Mismagius|50/100 brn|[from] item: Leftovers
|-heal|p2a: FtrFilmRobert|82/100|[from] item: Leftovers
|-damage|p1a: Mismagius|37/100 brn|[from] brn
|upkeep
|turn|17
|
|t:|1641952276
|move|p2a: FtrFilmRobert|Protect|p2a: FtrFilmRobert
|-singleturn|p2a: FtrFilmRobert|Protect
|move|p1a: Mismagius|Destiny Bond|p1a: Mismagius
|-singlemove|p1a: Mismagius|Destiny Bond
|
|-heal|p1a: Mismagius|43/100 brn|[from] item: Leftovers
|-heal|p2a: FtrFilmRobert|88/100|[from] item: Leftovers
|-damage|p1a: Mismagius|31/100 brn|[from] brn
|upkeep
|turn|18
|
|t:|1641952285
|move|p1a: Mismagius|Hidden Power|p2a: FtrFilmRobert
|-supereffective|p2a: FtrFilmRobert
|-crit|p2a: FtrFilmRobert
|-damage|p2a: FtrFilmRobert|0 fnt
|faint|p2a: FtrFilmRobert
|
|-heal|p1a: Mismagius|37/100 brn|[from] item: Leftovers
|-damage|p1a: Mismagius|25/100 brn|[from] brn
|upkeep
|c|☆Finchinator|o
|c|☆MovieBob|thats bad
|c|☆Finchinator|man
|inactive|MovieBob has 240 seconds left.
|
|t:|1641952323
|switch|p2a: MotionPictureBobby|Ferroseed, F|85/100
|-damage|p2a: MotionPictureBobby|73/100|[from] Spikes
|-damage|p2a: MotionPictureBobby|67/100|[from] Stealth Rock
|turn|19
|c|☆Finchinator|i legit had no outs in this mu besides that shit 
|c|☆Finchinator|and u played it perf
|c|☆Finchinator|sorry dog
|c|☆MovieBob|all good
|
|t:|1641952331
|move|p1a: Mismagius|Hidden Power|p2a: MotionPictureBobby
|-supereffective|p2a: MotionPictureBobby
|-damage|p2a: MotionPictureBobby|13/100
|move|p2a: MotionPictureBobby|Leech Seed|p1a: Mismagius
|-start|p1a: Mismagius|move: Leech Seed
|
|-heal|p1a: Mismagius|31/100 brn|[from] item: Leftovers
|-damage|p1a: Mismagius|19/100 brn|[from] Leech Seed|[of] p2a: MotionPictureBobby
|-heal|p2a: MotionPictureBobby|24/100|[silent]
|-damage|p1a: Mismagius|7/100 brn|[from] brn
|upkeep
|turn|20
|
|t:|1641952343
|switch|p1a: Flygon|Flygon, F|100/100
|move|p2a: MotionPictureBobby|Protect||[still]
|-fail|p2a: MotionPictureBobby
|
|upkeep
|turn|21
|
|t:|1641952346
|move|p2a: MotionPictureBobby|Protect|p2a: MotionPictureBobby
|-singleturn|p2a: MotionPictureBobby|Protect
|move|p1a: Flygon|Earthquake|p2a: MotionPictureBobby
|-activate|p2a: MotionPictureBobby|move: Protect
|
|upkeep
|turn|22
|
|t:|1641952351
|switch|p1a: Raikou|Raikou|100/100
|-ability|p1a: Raikou|Pressure
|switch|p2a: CinemaRob|Zapdos|100/100
|-damage|p2a: CinemaRob|76/100|[from] Stealth Rock
|-ability|p2a: CinemaRob|Pressure
|
|-heal|p2a: CinemaRob|82/100|[from] item: Leftovers
|upkeep
|turn|23
|
|t:|1641952355
|switch|p2a: Lindsay Ellis|Nidoqueen, F|100/100
|-damage|p2a: Lindsay Ellis|94/100|[from] Stealth Rock
|-damage|p2a: Lindsay Ellis|82/100|[from] Spikes
|move|p1a: Raikou|Calm Mind|p1a: Raikou
|-boost|p1a: Raikou|spa|1
|-boost|p1a: Raikou|spd|1
|
|upkeep
|turn|24
|c|+Adaam|moviebob
|
|t:|1641952363
|switch|p1a: Bronzong|Bronzong|88/100
|move|p2a: Lindsay Ellis|Earth Power|p1a: Bronzong
|-immune|p1a: Bronzong|[from] ability: Levitate
|
|-heal|p1a: Bronzong|94/100|[from] item: Leftovers
|upkeep
|turn|25
|
|t:|1641952370
|move|p2a: Lindsay Ellis|Stealth Rock|p1a: Bronzong
|-sidestart|p1: Finchinator|move: Stealth Rock
|move|p1a: Bronzong|Earthquake|p2a: Lindsay Ellis
|-supereffective|p2a: Lindsay Ellis
|-damage|p2a: Lindsay Ellis|39/100
|
|-heal|p1a: Bronzong|100/100|[from] item: Leftovers
|upkeep
|turn|26
|
|t:|1641952374
|move|p2a: Lindsay Ellis|Fire Blast|p1a: Bronzong
|-supereffective|p1a: Bronzong
|-damage|p1a: Bronzong|26/100
|move|p1a: Bronzong|Toxic|p2a: Lindsay Ellis
|-immune|p2a: Lindsay Ellis
|
|-heal|p1a: Bronzong|32/100|[from] item: Leftovers
|upkeep
|turn|27
|
|t:|1641952378
|move|p2a: Lindsay Ellis|Fire Blast|p1a: Bronzong
|-supereffective|p1a: Bronzong
|-damage|p1a: Bronzong|0 fnt
|faint|p1a: Bronzong
|
|upkeep
|
|t:|1641952384
|switch|p1a: Mew|Mew|76/100 brn
|-damage|p1a: Mew|63/100 brn|[from] Stealth Rock
|turn|28
|
|t:|1641952401
|switch|p2a: Flick Robby|Weavile, F|27/100
|-damage|p2a: Flick Robby|14/100|[from] Spikes
|-damage|p2a: Flick Robby|0 fnt|[from] Stealth Rock
|faint|p2a: Flick Robby
|move|p1a: Mew|Psyshock|p2: Flick Robby|[notarget]
|-fail|p1a: Mew
|
|-heal|p1a: Mew|69/100 brn|[from] item: Leftovers
|-damage|p1a: Mew|57/100 brn|[from] brn
|upkeep
|inactive|MovieBob has 270 seconds left.
|
|t:|1641952429
|switch|p2a: Roberto Paramount|Blastoise, M|44/100 brn
|-damage|p2a: Roberto Paramount|32/100 brn|[from] Spikes
|-damage|p2a: Roberto Paramount|19/100 brn|[from] Stealth Rock
|turn|29
|
|t:|1641952444
|switch|p1a: Mismagius|Mismagius, M|7/100 brn
|-damage|p1a: Mismagius|0 fnt|[from] Stealth Rock
|faint|p1a: Mismagius
|move|p2a: Roberto Paramount|Rapid Spin|p1: Mismagius|[notarget]
|-fail|p2a: Roberto Paramount
|
|-heal|p2a: Roberto Paramount|25/100 brn|[from] item: Leftovers
|-damage|p2a: Roberto Paramount|13/100 brn|[from] brn
|upkeep
|
|t:|1641952448
|switch|p1a: Raikou|Raikou|100/100
|-damage|p1a: Raikou|88/100|[from] Stealth Rock
|-ability|p1a: Raikou|Pressure
|turn|30
|
|t:|1641952454
|move|p1a: Raikou|Thunderbolt|p2a: Roberto Paramount
|-supereffective|p2a: Roberto Paramount
|-damage|p2a: Roberto Paramount|0 fnt
|faint|p2a: Roberto Paramount
|
|upkeep
|
|t:|1641952456
|switch|p2a: Lindsay Ellis|Nidoqueen, F|39/100
|-damage|p2a: Lindsay Ellis|27/100|[from] Spikes
|-damage|p2a: Lindsay Ellis|20/100|[from] Stealth Rock
|turn|31
|
|t:|1641952459
|move|p1a: Raikou|Hidden Power|p2a: Lindsay Ellis
|-supereffective|p2a: Lindsay Ellis
|-damage|p2a: Lindsay Ellis|0 fnt
|faint|p2a: Lindsay Ellis
|
|upkeep
|
|t:|1641952460
|switch|p2a: MotionPictureBobby|Ferroseed, F|24/100
|-damage|p2a: MotionPictureBobby|18/100|[from] Stealth Rock
|-damage|p2a: MotionPictureBobby|5/100|[from] Spikes
|turn|32
|
|t:|1641952462
|move|p1a: Raikou|Thunderbolt|p2a: MotionPictureBobby
|-resisted|p2a: MotionPictureBobby
|-damage|p2a: MotionPictureBobby|0 fnt
|faint|p2a: MotionPictureBobby
|
|upkeep
|c|☆MovieBob|ggg
|c|☆MovieBob|gg
|c|☆Finchinator|sorry
|
|t:|1641952466
|switch|p2a: CinemaRob|Zapdos|82/100
|-damage|p2a: CinemaRob|57/100|[from] Stealth Rock
|-ability|p2a: CinemaRob|Pressure
|turn|33
|c|☆Finchinator|gg
|c|☆MovieBob|np
|c|☆MovieBob|gimme a sec i need to
|c|☆MovieBob|nick ss
|
|t:|1641952474
|move|p1a: Raikou|Calm Mind|p1a: Raikou
|-boost|p1a: Raikou|spa|1
|-boost|p1a: Raikou|spd|1
|move|p2a: CinemaRob|Heat Wave|p1a: Raikou
|-damage|p1a: Raikou|64/100
|
|-heal|p2a: CinemaRob|63/100|[from] item: Leftovers
|upkeep
|turn|34
|
|t:|1641952476
|move|p1a: Raikou|Thunderbolt|p2a: CinemaRob
|-damage|p2a: CinemaRob|0 fnt
|faint|p2a: CinemaRob
|
|win|Finchinator
