|inactive|Battle timer is ON: inactive players will automatically lose when time's up.
|t:|1644096476
|gametype|singles
|player|p1|Ainzcrad|winona-gen6|
|player|p2|outb pj|#splxiiibigs|
|teamsize|p1|6
|teamsize|p2|6
|gen|5
|tier|[Gen 5] OU
|rule|Species Clause: Limit one of each Pokémon
|rule|OHKO Clause: OHKO moves are banned
|rule|Moody Clause: Moody is banned
|rule|Evasion Moves Clause: Evasion moves are banned
|rule|Endless Battle Clause: Forcing endless battles is banned
|rule|HP Percentage Mod: HP is shown in percentages
|rule|Evasion Abilities Clause: Evasion abilities are banned
|rule|Sleep Clause: Sleep-inducing moves are banned
|rule|Swagger Clause: Swagger is banned
|clearpoke
|poke|p1|Politoed, F|item
|poke|p1|Tornadus, M|item
|poke|p1|Ferrothorn, M|item
|poke|p1|Tentacruel, M|item
|poke|p1|Latios, M|item
|poke|p1|Mamoswine, M|item
|poke|p2|Keldeo|item
|poke|p2|Politoed, M|item
|poke|p2|Latios, M|item
|poke|p2|Breloom, M|item
|poke|p2|Ferrothorn, F|item
|poke|p2|Tornadus, M|item
|teampreview
|c|☆Ainzcrad|hf
|c|☆outb pj|hf
|inactive|outb pj has 270 seconds left.
|
|t:|1644096513
|start
|switch|p1a: TPWK|Tornadus, M|100/100
|switch|p2a: Tornadus|Tornadus, M|100/100
|turn|1
|inactive|outb pj has 270 seconds left.
|
|t:|1644096549
|move|p1a: TPWK|Substitute|p1a: TPWK
|-start|p1a: TPWK|Substitute
|-damage|p1a: TPWK|76/100
|move|p2a: Tornadus|Hurricane|p1a: TPWK
|-end|p1a: TPWK|Substitute
|
|-heal|p1a: TPWK|82/100|[from] item: Leftovers
|upkeep
|turn|2
|inactive|outb pj has 270 seconds left.
|
|t:|1644096568
|move|p1a: TPWK|Protect|p1a: TPWK
|-singleturn|p1a: TPWK|Protect
|move|p2a: Tornadus|U-turn|p1a: TPWK
|-activate|p1a: TPWK|move: Protect
|
|-heal|p1a: TPWK|88/100|[from] item: Leftovers
|upkeep
|turn|3
|
|t:|1644096579
|switch|p2a: Ferrothorn|Ferrothorn, F|100/100
|move|p1a: TPWK|Substitute|p1a: TPWK
|-start|p1a: TPWK|Substitute
|-damage|p1a: TPWK|63/100
|
|-heal|p1a: TPWK|69/100|[from] item: Leftovers
|upkeep
|turn|4
|
|t:|1644096581
|move|p1a: TPWK|Focus Blast|p2a: Ferrothorn
|-supereffective|p2a: Ferrothorn
|-damage|p2a: Ferrothorn|47/100
|move|p2a: Ferrothorn|Stealth Rock|p1a: TPWK
|-sidestart|p1: Ainzcrad|move: Stealth Rock
|
|-heal|p1a: TPWK|75/100|[from] item: Leftovers
|-heal|p2a: Ferrothorn|53/100|[from] item: Leftovers
|upkeep
|turn|5
|
|t:|1644096587
|move|p1a: TPWK|Focus Blast|p2a: Ferrothorn|[miss]
|-miss|p1a: TPWK|p2a: Ferrothorn
|move|p2a: Ferrothorn|Gyro Ball|p1a: TPWK
|-end|p1a: TPWK|Substitute
|
|-heal|p1a: TPWK|81/100|[from] item: Leftovers
|-heal|p2a: Ferrothorn|59/100|[from] item: Leftovers
|upkeep
|turn|6
|
|t:|1644096592
|switch|p1a: Falling|Ferrothorn, M|100/100
|-damage|p1a: Falling|94/100|[from] Stealth Rock
|move|p2a: Ferrothorn|Gyro Ball|p1a: Falling
|-resisted|p1a: Falling
|-damage|p1a: Falling|89/100
|-damage|p2a: Ferrothorn|47/100|[from] ability: Iron Barbs|[of] p1a: Falling
|
|-heal|p2a: Ferrothorn|53/100|[from] item: Leftovers
|upkeep
|turn|7
|
|t:|1644096598
|switch|p2a: Breloom|Breloom, M|100/100
|move|p1a: Falling|Stealth Rock|p2a: Breloom
|-sidestart|p2: outb pj|move: Stealth Rock
|
|upkeep
|turn|8
|
|t:|1644096602
|switch|p1a: Watermelon Sugar|Tentacruel, M|100/100
|-damage|p1a: Watermelon Sugar|88/100|[from] Stealth Rock
|move|p2a: Breloom|Low Sweep|p1a: Watermelon Sugar
|-resisted|p1a: Watermelon Sugar
|-damage|p1a: Watermelon Sugar|44/100
|-unboost|p1a: Watermelon Sugar|spe|1
|
|-heal|p1a: Watermelon Sugar|50/100|[from] item: Black Sludge
|upkeep
|turn|9
|
|t:|1644096625
|move|p1a: Watermelon Sugar|Protect|p1a: Watermelon Sugar
|-singleturn|p1a: Watermelon Sugar|Protect
|move|p2a: Breloom|Low Sweep|p1a: Watermelon Sugar
|-activate|p1a: Watermelon Sugar|move: Protect
|
|-heal|p1a: Watermelon Sugar|56/100|[from] item: Black Sludge
|upkeep
|turn|10
|
|t:|1644096628
|switch|p1a: Fine Line|Latios, M|100/100
|-damage|p1a: Fine Line|88/100|[from] Stealth Rock
|move|p2a: Breloom|Low Sweep|p1a: Fine Line
|-resisted|p1a: Fine Line
|-damage|p1a: Fine Line|42/100
|-unboost|p1a: Fine Line|spe|1
|
|upkeep
|turn|11
|
|t:|1644096638
|switch|p2a: Politoed|Politoed, M|100/100
|-damage|p2a: Politoed|88/100|[from] Stealth Rock
|-weather|RainDance|[from] ability: Drizzle|[of] p2a: Politoed
|move|p1a: Fine Line|Draco Meteor|p2a: Politoed
|-damage|p2a: Politoed|33/100
|-unboost|p1a: Fine Line|spa|2
|
|-weather|RainDance|[upkeep]
|-heal|p2a: Politoed|39/100|[from] item: Leftovers
|upkeep
|turn|12
|
|t:|1644096656
|switch|p1a: Falling|Ferrothorn, M|89/100
|-damage|p1a: Falling|82/100|[from] Stealth Rock
|switch|p2a: Latios|Latios, M|100/100
|-damage|p2a: Latios|88/100|[from] Stealth Rock
|
|-weather|RainDance|[upkeep]
|upkeep
|turn|13
|
|t:|1644096663
|switch|p2a: Breloom|Breloom, M|100/100
|-damage|p2a: Breloom|94/100|[from] Stealth Rock
|move|p1a: Falling|Knock Off|p2a: Breloom
|-resisted|p2a: Breloom
|-damage|p2a: Breloom|91/100
|-enditem|p2a: Breloom|Choice Band|[from] move: Knock Off|[of] p1a: Falling
|
|-weather|RainDance|[upkeep]
|upkeep
|turn|14
|
|t:|1644096669
|move|p2a: Breloom|Low Sweep|p1a: Falling
|-supereffective|p1a: Falling
|-damage|p1a: Falling|4/100
|-unboost|p1a: Falling|spe|1
|-damage|p2a: Breloom|79/100|[from] ability: Iron Barbs|[of] p1a: Falling
|move|p1a: Falling|Spikes|p2a: Breloom
|-sidestart|p2: outb pj|Spikes
|
|-weather|RainDance|[upkeep]
|upkeep
|turn|15
|
|t:|1644096673
|move|p2a: Breloom|Low Sweep|p1a: Falling
|-supereffective|p1a: Falling
|-damage|p1a: Falling|0 fnt
|-damage|p2a: Breloom|66/100|[from] ability: Iron Barbs|[of] p1a: Falling
|faint|p1a: Falling
|
|-weather|RainDance|[upkeep]
|upkeep
|inactive|Ainzcrad has 270 seconds left.
|
|t:|1644096707
|switch|p1a: Golden|Mamoswine, M, shiny|100/100
|-damage|p1a: Golden|88/100|[from] Stealth Rock
|turn|16
|inactive|Ainzcrad has 270 seconds left.
|
|t:|1644096723
|switch|p2a: Politoed|Politoed, M|39/100
|-damage|p2a: Politoed|26/100|[from] Spikes
|-damage|p2a: Politoed|14/100|[from] Stealth Rock
|move|p1a: Golden|Substitute|p1a: Golden
|-start|p1a: Golden|Substitute
|-damage|p1a: Golden|63/100
|
|-weather|RainDance|[upkeep]
|-heal|p2a: Politoed|20/100|[from] item: Leftovers
|upkeep
|turn|17
|
|t:|1644096727
|move|p2a: Politoed|Protect|p2a: Politoed
|-singleturn|p2a: Politoed|Protect
|move|p1a: Golden|Earthquake|p2a: Politoed
|-activate|p2a: Politoed|move: Protect
|
|-weather|RainDance|[upkeep]
|-heal|p2a: Politoed|26/100|[from] item: Leftovers
|upkeep
|turn|18
|
|t:|1644096733
|move|p1a: Golden|Earthquake|p2a: Politoed
|-damage|p2a: Politoed|0 fnt
|faint|p2a: Politoed
|
|-weather|RainDance|[upkeep]
|upkeep
|
|t:|1644096744
|switch|p2a: Keldeo|Keldeo|100/100
|-damage|p2a: Keldeo|94/100|[from] Stealth Rock
|-damage|p2a: Keldeo|82/100|[from] Spikes
|turn|19
|
|t:|1644096749
|move|p2a: Keldeo|Surf|p1a: Golden
|-supereffective|p1a: Golden
|-end|p1a: Golden|Substitute
|move|p1a: Golden|Earthquake|p2a: Keldeo
|-damage|p2a: Keldeo|13/100
|
|-weather|RainDance|[upkeep]
|upkeep
|turn|20
|
|t:|1644096768
|switch|p1a: Watermelon Sugar|Tentacruel, M|56/100
|-damage|p1a: Watermelon Sugar|44/100|[from] Stealth Rock
|move|p2a: Keldeo|Surf|p1a: Watermelon Sugar
|-resisted|p1a: Watermelon Sugar
|-crit|p1a: Watermelon Sugar
|-damage|p1a: Watermelon Sugar|0 fnt
|faint|p1a: Watermelon Sugar
|
|-weather|RainDance|[upkeep]
|upkeep
|
|t:|1644096772
|switch|p1a: Fine Line|Latios, M|42/100
|-damage|p1a: Fine Line|30/100|[from] Stealth Rock
|turn|21
|
|t:|1644096787
|move|p1a: Fine Line|Draco Meteor|p2a: Keldeo
|-damage|p2a: Keldeo|0 fnt
|-unboost|p1a: Fine Line|spa|2
|faint|p2a: Keldeo
|
|-weather|RainDance|[upkeep]
|upkeep
|
|t:|1644096797
|switch|p2a: Ferrothorn|Ferrothorn, F|53/100
|-damage|p2a: Ferrothorn|40/100|[from] Spikes
|-damage|p2a: Ferrothorn|34/100|[from] Stealth Rock
|turn|22
|
|t:|1644096808
|switch|p1a: Sweet Creature|Politoed, F|100/100
|-damage|p1a: Sweet Creature|88/100|[from] Stealth Rock
|move|p2a: Ferrothorn|Spikes|p1a: Sweet Creature
|-sidestart|p1: Ainzcrad|Spikes
|
|-weather|RainDance|[upkeep]
|-heal|p1a: Sweet Creature|94/100|[from] item: Leftovers
|-heal|p2a: Ferrothorn|40/100|[from] item: Leftovers
|upkeep
|turn|23
|
|t:|1644096814
|move|p1a: Sweet Creature|Scald|p2a: Ferrothorn
|-resisted|p2a: Ferrothorn
|-damage|p2a: Ferrothorn|27/100
|-status|p2a: Ferrothorn|brn
|move|p2a: Ferrothorn|Spikes|p1a: Sweet Creature
|-sidestart|p1: Ainzcrad|Spikes
|
|-weather|RainDance|[upkeep]
|-heal|p1a: Sweet Creature|99/100|[from] item: Leftovers
|-heal|p2a: Ferrothorn|34/100 brn|[from] item: Leftovers
|-damage|p2a: Ferrothorn|21/100 brn|[from] brn
|upkeep
|turn|24
|
|t:|1644096819
|move|p1a: Sweet Creature|Scald|p2a: Ferrothorn
|-resisted|p2a: Ferrothorn
|-damage|p2a: Ferrothorn|10/100 brn
|move|p2a: Ferrothorn|Knock Off|p1a: Sweet Creature
|-damage|p1a: Sweet Creature|98/100
|-enditem|p1a: Sweet Creature|Leftovers|[from] move: Knock Off|[of] p2a: Ferrothorn
|
|-weather|RainDance|[upkeep]
|-heal|p2a: Ferrothorn|16/100 brn|[from] item: Leftovers
|-damage|p2a: Ferrothorn|4/100 brn|[from] brn
|upkeep
|turn|25
|
|t:|1644096821
|move|p1a: Sweet Creature|Protect|p1a: Sweet Creature
|-singleturn|p1a: Sweet Creature|Protect
|move|p2a: Ferrothorn|Spikes|p1a: Sweet Creature
|-sidestart|p1: Ainzcrad|Spikes
|
|-weather|RainDance|[upkeep]
|-heal|p2a: Ferrothorn|10/100 brn|[from] item: Leftovers
|-damage|p2a: Ferrothorn|0 fnt|[from] brn
|faint|p2a: Ferrothorn
|upkeep
|
|t:|1644096834
|switch|p2a: Latios|Latios, M|88/100
|-damage|p2a: Latios|76/100|[from] Stealth Rock
|turn|26
|
|t:|1644096844
|move|p2a: Latios|Draco Meteor|p1a: Sweet Creature
|-enditem|p2a: Latios|Dragon Gem|[from] gem
|-damage|p1a: Sweet Creature|0 fnt
|-unboost|p2a: Latios|spa|2
|faint|p1a: Sweet Creature
|
|-weather|RainDance|[upkeep]
|upkeep
|
|t:|1644096847
|switch|p1a: Fine Line|Latios, M|30/100
|-damage|p1a: Fine Line|18/100|[from] Stealth Rock
|turn|27
|
|t:|1644096851
|move|p1a: Fine Line|Draco Meteor|p2a: Latios
|-supereffective|p2a: Latios
|-damage|p2a: Latios|0 fnt
|-unboost|p1a: Fine Line|spa|2
|faint|p2a: Latios
|
|-weather|RainDance|[upkeep]
|upkeep
|
|t:|1644096861
|switch|p2a: Tornadus|Tornadus, M|100/100
|-damage|p2a: Tornadus|76/100|[from] Stealth Rock
|turn|28
|
|t:|1644096868
|move|p1a: Fine Line|Draco Meteor|p2a: Tornadus
|-crit|p2a: Tornadus
|-damage|p2a: Tornadus|0 fnt
|-unboost|p1a: Fine Line|spa|2
|faint|p2a: Tornadus
|
|-weather|RainDance|[upkeep]
|upkeep
|
|t:|1644096871
|switch|p2a: Breloom|Breloom, M|66/100
|-damage|p2a: Breloom|60/100|[from] Stealth Rock
|-damage|p2a: Breloom|48/100|[from] Spikes
|turn|29
|
|t:|1644096874
|move|p2a: Breloom|Mach Punch|p1a: Fine Line
|-resisted|p1a: Fine Line
|-damage|p1a: Fine Line|0 fnt
|faint|p1a: Fine Line
|
|-weather|RainDance|[upkeep]
|upkeep
|
|t:|1644096876
|switch|p1a: TPWK|Tornadus, M|81/100
|-damage|p1a: TPWK|56/100|[from] Stealth Rock
|turn|30
|
|t:|1644096878
|move|p2a: Breloom|Mach Punch|p1a: TPWK
|-resisted|p1a: TPWK
|-damage|p1a: TPWK|30/100
|move|p1a: TPWK|Hurricane|p2a: Breloom
|-supereffective|p2a: Breloom
|-damage|p2a: Breloom|0 fnt
|faint|p2a: Breloom
|
|win|Ainzcrad
