|inactive|Battle timer is ON: inactive players will automatically lose when time's up.
|t:|1644174280
|gametype|singles
|player|p1|mars and back|rosa|
|player|p2|Dababy2|lucas-gen4pt|
|teamsize|p1|6
|teamsize|p2|6
|gen|5
|tier|[Gen 5] OU
|rule|Species Clause: Limit one of each Pokémon
|rule|OHKO Clause: OHKO moves are banned
|rule|Moody Clause: Moody is banned
|rule|Evasion Moves Clause: Evasion moves are banned
|rule|Endless Battle Clause: Forcing endless battles is banned
|rule|HP Percentage Mod: HP is shown in percentages
|rule|Evasion Abilities Clause: Evasion abilities are banned
|rule|Sleep Clause: Sleep-inducing moves are banned
|rule|Swagger Clause: Swagger is banned
|clearpoke
|poke|p1|Scizor, M|item
|poke|p1|Froslass, F|item
|poke|p1|Cloyster, F|item
|poke|p1|Alakazam, F|item
|poke|p1|Latios, M|item
|poke|p1|Garchomp, F|item
|poke|p2|Thundurus-Therian, M|item
|poke|p2|Starmie|item
|poke|p2|Ferrothorn, M|item
|poke|p2|Dragonite, M|item
|poke|p2|Latios, M|item
|poke|p2|Rotom-Wash|item
|teampreview
|inactive|mars and back also wants the timer to be on.
|c|☆Dababy2|SHEEEESH
|c|☆Dababy2|THATS RAW
|c|☆mars and back|lets be having u
|
|t:|1644174295
|start
|switch|p1a: Froslass|Froslass, F|100/100
|switch|p2a: Mr. Clean|Rotom-Wash|100/100
|turn|1
|
|t:|1644174299
|move|p1a: Froslass|Spikes|p2a: Mr. Clean
|-sidestart|p2: Dababy2|Spikes
|move|p2a: Mr. Clean|Volt Switch|p1a: Froslass
|-damage|p1a: Froslass|53/100
|-start|p2a: Mr. Clean|Disable|Volt Switch|[from] ability: Cursed Body|[of] p1a: Froslass
|c|☆mars and back|yup
|
|t:|1644174304
|switch|p2a: Thorn to Shreds|Ferrothorn, M|100/100|[from]move: Volt Switch
|-damage|p2a: Thorn to Shreds|88/100|[from] Spikes
|
|-heal|p2a: Thorn to Shreds|94/100|[from] item: Leftovers
|upkeep
|turn|2
|c|☆mars and back|get disabled
|
|t:|1644174307
|move|p1a: Froslass|Taunt|p2a: Thorn to Shreds
|-start|p2a: Thorn to Shreds|move: Taunt
|move|p2a: Thorn to Shreds|Gyro Ball|p1a: Froslass
|-supereffective|p1a: Froslass
|-damage|p1a: Froslass|0 fnt
|faint|p1a: Froslass
|
|-heal|p2a: Thorn to Shreds|100/100|[from] item: Leftovers
|upkeep
|c|☆mars and back|who we going to
|c|☆Dababy2|Lmao
|c|☆mars and back|.....
|c|☆Dababy2|CLoy
|c|☆Dababy2|If ur raw
|c|☆mars and back|miss?
|c|☆Dababy2|Yessir
|
|t:|1644174328
|switch|p1a: Latios|Latios, M|100/100
|turn|3
|c|☆Dababy2|Go for cloy
|c|☆Dababy2|breh
|c|☆mars and back|ur staying in
|
|t:|1644174335
|switch|p2a: Mr. Clean|Rotom-Wash|100/100
|move|p1a: Latios|Hidden Power|p2a: Mr. Clean
|-resisted|p2a: Mr. Clean
|-damage|p2a: Mr. Clean|82/100
|-damage|p1a: Latios|91/100|[from] item: Life Orb
|
|upkeep
|turn|4
|
|t:|1644174337
|move|p1a: Latios|Draco Meteor|p2a: Mr. Clean
|-damage|p2a: Mr. Clean|0 fnt
|-unboost|p1a: Latios|spa|2
|faint|p2a: Mr. Clean
|-damage|p1a: Latios|81/100|[from] item: Life Orb
|
|upkeep
|
|t:|1644174340
|switch|p2a: Thorn to Shreds|Ferrothorn, M|100/100
|-damage|p2a: Thorn to Shreds|88/100|[from] Spikes
|turn|5
|
|t:|1644174344
|switch|p1a: Garchomp|Garchomp, F|100/100
|move|p2a: Thorn to Shreds|Stealth Rock|p1a: Garchomp
|-sidestart|p1: mars and back|move: Stealth Rock
|
|-heal|p2a: Thorn to Shreds|94/100|[from] item: Leftovers
|upkeep
|turn|6
|
|t:|1644174346
|move|p1a: Garchomp|Stealth Rock|p2a: Thorn to Shreds
|-sidestart|p2: Dababy2|move: Stealth Rock
|move|p2a: Thorn to Shreds|Gyro Ball|p1a: Garchomp
|-damage|p1a: Garchomp|30/100
|-damage|p2a: Thorn to Shreds|82/100|[from] ability: Rough Skin|[of] p1a: Garchomp
|
|-heal|p2a: Thorn to Shreds|88/100|[from] item: Leftovers
|upkeep
|turn|7
|
|t:|1644174351
|move|p1a: Garchomp|Earthquake|p2a: Thorn to Shreds
|-damage|p2a: Thorn to Shreds|45/100
|move|p2a: Thorn to Shreds|Spikes|p1a: Garchomp
|-sidestart|p1: mars and back|Spikes
|
|-heal|p2a: Thorn to Shreds|52/100|[from] item: Leftovers
|upkeep
|turn|8
|
|t:|1644174353
|move|p1a: Garchomp|Earthquake|p2a: Thorn to Shreds
|-damage|p2a: Thorn to Shreds|10/100
|move|p2a: Thorn to Shreds|Gyro Ball|p1a: Garchomp
|-crit|p1a: Garchomp
|-damage|p1a: Garchomp|0 fnt
|-damage|p2a: Thorn to Shreds|0 fnt|[from] ability: Rough Skin|[of] p1a: Garchomp
|faint|p2a: Thorn to Shreds
|faint|p1a: Garchomp
|
|upkeep
|
|t:|1644174361
|switch|p1a: Alakazam|Alakazam, F|100/100
|switch|p2a: Air Latios|Latios, M|100/100
|-damage|p2a: Air Latios|88/100|[from] Stealth Rock
|turn|9
|
|t:|1644174365
|switch|p1a: Latios|Latios, M|81/100
|-damage|p1a: Latios|68/100|[from] Stealth Rock
|move|p2a: Air Latios|Thunder|p1a: Latios|[miss]
|-miss|p2a: Air Latios|p1a: Latios
|
|upkeep
|turn|10
|c|☆mars and back|ye nice one
|c|☆Dababy2|Oh no
|c|☆mars and back|idiot
|
|t:|1644174372
|move|p2a: Air Latios|Thunder|p1a: Latios
|-resisted|p1a: Latios
|-damage|p1a: Latios|47/100
|move|p1a: Latios|Draco Meteor|p2a: Air Latios
|-supereffective|p2a: Air Latios
|-damage|p2a: Air Latios|0 fnt
|-unboost|p1a: Latios|spa|2
|faint|p2a: Air Latios
|-damage|p1a: Latios|37/100|[from] item: Life Orb
|
|upkeep
|
|t:|1644174375
|switch|p2a: Worldstar|Starmie|100/100
|-damage|p2a: Worldstar|88/100|[from] Stealth Rock
|-damage|p2a: Worldstar|76/100|[from] Spikes
|turn|11
|
|t:|1644174381
|move|p2a: Worldstar|Rapid Spin|p1a: Latios
|-damage|p1a: Latios|32/100
|-sideend|p2: Dababy2|Spikes|[from] move: Rapid Spin|[of] p2a: Worldstar
|-sideend|p2: Dababy2|Stealth Rock|[from] move: Rapid Spin|[of] p2a: Worldstar
|move|p1a: Latios|Draco Meteor|p2a: Worldstar
|-damage|p2a: Worldstar|2/100
|-unboost|p1a: Latios|spa|2
|-damage|p1a: Latios|22/100|[from] item: Life Orb
|
|upkeep
|turn|12
|
|t:|1644174386
|move|p2a: Worldstar|Hydro Pump|p1a: Latios
|-resisted|p1a: Latios
|-damage|p1a: Latios|0 fnt
|faint|p1a: Latios
|
|upkeep
|c|☆mars and back|this is a sticky one
|c|☆Dababy2|Cloy
|c|☆Dababy2|or scizor
|
|t:|1644174402
|switch|p1a: Scizor|Scizor, M|100/100
|-damage|p1a: Scizor|88/100|[from] Stealth Rock
|-damage|p1a: Scizor|76/100|[from] Spikes
|turn|13
|
|t:|1644174405
|move|p1a: Scizor|Bullet Punch|p2a: Worldstar
|-resisted|p2a: Worldstar
|-damage|p2a: Worldstar|0 fnt
|faint|p2a: Worldstar
|-damage|p1a: Scizor|66/100|[from] item: Life Orb
|
|upkeep
|
|t:|1644174407
|switch|p2a: OKC|Thundurus-Therian, M|100/100
|turn|14
|
|t:|1644174411
|move|p2a: OKC|Thunder|p1a: Scizor|[miss]
|-miss|p2a: OKC|p1a: Scizor
|move|p1a: Scizor|Swords Dance|p1a: Scizor
|-boost|p1a: Scizor|atk|2
|
|upkeep
|turn|15
|c|☆Dababy2|Bruh
|
|t:|1644174416
|move|p1a: Scizor|Bullet Punch|p2a: OKC
|-resisted|p2a: OKC
|-damage|p2a: OKC|34/100
|-damage|p1a: Scizor|56/100|[from] item: Life Orb
|move|p2a: OKC|Thunder|p1a: Scizor
|-damage|p1a: Scizor|0 fnt
|faint|p1a: Scizor
|
|upkeep
|c|☆mars and back|maybe treat ur mons nicer
|c|☆Dababy2|Lmao
|
|t:|1644174427
|switch|p1a: Cloyster|Cloyster, F|100/100
|-damage|p1a: Cloyster|76/100|[from] Stealth Rock
|-damage|p1a: Cloyster|63/100|[from] Spikes
|turn|16
|
|t:|1644174429
|move|p1a: Cloyster|Ice Shard|p2a: OKC
|-enditem|p1a: Cloyster|Ice Gem|[from] gem
|-supereffective|p2a: OKC
|-damage|p2a: OKC|0 fnt
|faint|p2a: OKC
|
|upkeep
|
|t:|1644174431
|switch|p2a: Deez|Dragonite, M|100/100
|turn|17
|c|☆Dababy2|Daylight robbery
|
|t:|1644174439
|move|p1a: Cloyster|Ice Shard|p2a: Deez
|-supereffective|p2a: Deez
|-damage|p2a: Deez|61/100
|move|p2a: Deez|Outrage|p1a: Cloyster
|-damage|p1a: Cloyster|3/100
|
|upkeep
|turn|18
|c|☆mars and back|daily shegging
|c|☆mars and back|u would know
|
|t:|1644174447
|move|p1a: Cloyster|Ice Shard|p2a: Deez
|-supereffective|p2a: Deez
|-damage|p2a: Deez|0 fnt
|faint|p2a: Deez
|
|win|mars and back
