|inactive|Battle timer is ON: inactive players will automatically lose when time's up.
|t:|1641158390
|gametype|singles
|player|p1|F i l l e|#scl1breakers|
|player|p2|Rumperto Oswaldo|elesa|
|teamsize|p1|6
|teamsize|p2|6
|gen|5
|tier|[Gen 5] LC
|rule|Species Clause: Limit one of each Pokémon
|rule|OHKO Clause: OHKO moves are banned
|rule|Moody Clause: Moody is banned
|rule|Evasion Moves Clause: Evasion moves are banned
|rule|Endless Battle Clause: Forcing endless battles is banned
|rule|HP Percentage Mod: HP is shown in percentages
|rule|Sleep Clause: Sleep-inducing moves are banned
|clearpoke
|poke|p1|Chinchou, L5, M|item
|poke|p1|Gastly, L5, F|item
|poke|p1|Abra, L5, F|item
|poke|p1|Vullaby, L5, F|item
|poke|p1|Diglett, L5, M|item
|poke|p1|Porygon, L5|item
|poke|p2|Porygon, L5|item
|poke|p2|Gastly, L5, M|item
|poke|p2|Diglett, L5, M|item
|poke|p2|Mienfoo, L5, M|item
|poke|p2|Abra, L5, M|item
|poke|p2|Staryu, L5|item
|teampreview
|c|☆F i l l e|glhf!
|c|☆Rumperto Oswaldo|=
|c|+Boulicrok|foat
|inactive|F i l l e has 270 seconds left.
|inactive|Rumperto Oswaldo has 270 seconds left.
|inactive|F i l l e has 240 seconds left.
|inactive|Rumperto Oswaldo has 240 seconds left.
|inactive|F i l l e has 210 seconds left.
|c|+London13|fille u need to win otherwise I will do the thing
|inactive|Rumperto Oswaldo has 210 seconds left.
|inactive|F i l l e has 180 seconds left.
|
|t:|1641158510
|start
|switch|p1a: Gastly|Gastly, L5, F|100/100
|switch|p2a: Porygon|Porygon, L5, shiny|100/100
|-ability|p2a: Porygon|Levitate|[from] ability: Trace|[of] p1a: Gastly
|turn|1
|c|+Laroxyl|Go fille
|inactive|F i l l e has 240 seconds left.
|inactive|Rumperto Oswaldo has 270 seconds left.
|c|+Boulicrok|dont force him to do the thing nooo
|
|t:|1641158533
|move|p1a: Gastly|Substitute|p1a: Gastly
|-start|p1a: Gastly|Substitute
|-damage|p1a: Gastly|79/100
|move|p2a: Porygon|Thunder Wave||[still]
|-fail|p2a: Porygon
|
|upkeep
|turn|2
|
|t:|1641158538
|move|p1a: Gastly|Sludge Bomb|p2a: Porygon
|-damage|p2a: Porygon|54/100
|-status|p2a: Porygon|psn
|-damage|p1a: Gastly|74/100|[from] item: Life Orb
|move|p2a: Porygon|Psychic|p1a: Gastly
|-supereffective|p1a: Gastly
|-end|p1a: Gastly|Substitute
|
|-damage|p2a: Porygon|43/100 psn|[from] psn
|upkeep
|turn|3
|inactive|Rumperto Oswaldo has 270 seconds left.
|
|t:|1641158567
|move|p1a: Gastly|Sludge Bomb|p2a: Porygon
|-damage|p2a: Porygon|0 fnt
|faint|p2a: Porygon
|-damage|p1a: Gastly|69/100|[from] item: Life Orb
|
|upkeep
|inactive|Rumperto Oswaldo has 240 seconds left.
|
|t:|1641158619
|switch|p2a: Diglett|Diglett, L5, M, shiny|100/100
|turn|4
|inactive|F i l l e has 240 seconds left.
|inactive|Rumperto Oswaldo has 210 seconds left.
|
|t:|1641158678
|move|p2a: Diglett|Beat Up|p1a: Gastly
|-supereffective|p1a: Gastly
|-damage|p1a: Gastly|48/100
|-supereffective|p1a: Gastly
|-damage|p1a: Gastly|37/100
|-supereffective|p1a: Gastly
|-damage|p1a: Gastly|16/100
|-supereffective|p1a: Gastly
|-damage|p1a: Gastly|6/100
|-supereffective|p1a: Gastly
|-damage|p1a: Gastly|0 fnt
|faint|p1a: Gastly
|-hitcount|p1: Gastly|5
|
|upkeep
|
|t:|1641158681
|switch|p1a: Porygon|Porygon, L5|100/100
|-ability|p1a: Porygon|Arena Trap|[from] ability: Trace|[of] p2a: Diglett
|turn|5
|
|t:|1641158686
|move|p2a: Diglett|Stealth Rock|p1a: Porygon
|-sidestart|p1: F i l l e|move: Stealth Rock
|move|p1a: Porygon|Ice Beam|p2a: Diglett
|-supereffective|p2a: Diglett
|-damage|p2a: Diglett|12/100
|
|upkeep
|turn|6
|
|t:|1641158692
|move|p2a: Diglett|Earthquake|p1a: Porygon
|-damage|p1a: Porygon|64/100
|move|p1a: Porygon|Tri Attack|p2a: Diglett
|-damage|p2a: Diglett|0 fnt
|faint|p2a: Diglett
|
|upkeep
|inactive|Rumperto Oswaldo has 210 seconds left.
|
|t:|1641158703
|switch|p2a: Mienfoo|Mienfoo, L5, M, shiny|100/100
|turn|7
|inactive|F i l l e has 240 seconds left.
|inactive|Rumperto Oswaldo has 210 seconds left.
|
|t:|1641158727
|move|p2a: Mienfoo|High Jump Kick|p1a: Porygon
|-supereffective|p1a: Porygon
|-damage|p1a: Porygon|0 fnt
|faint|p1a: Porygon
|
|upkeep
|inactive|F i l l e has 210 seconds left.
|c|+067jox|GO LEVI
|c|+067jox|levi
|inactive|F i l l e has 180 seconds left.
|
|t:|1641158787
|switch|p1a: Vullaby|Vullaby, L5, F|100/100
|-damage|p1a: Vullaby|79/100|[from] Stealth Rock
|turn|8
|c|+067jox|Leiv*
|inactive|Rumperto Oswaldo has 210 seconds left.
|c|☆F i l l e|smd
|c|+Rhydonphilip|wow favourtism
|inactive|Rumperto Oswaldo has 180 seconds left.
|inactive|Rumperto Oswaldo has 150 seconds left.
|
|t:|1641158853
|switch|p2a: Staryu|Staryu, L5, shiny|100/100
|move|p1a: Vullaby|Nasty Plot|p1a: Vullaby
|-boost|p1a: Vullaby|spa|2
|
|upkeep
|turn|9
|inactive|Rumperto Oswaldo has 150 seconds left.
|inactive|F i l l e has 180 seconds left.
|
|t:|1641158908
|move|p2a: Staryu|Toxic|p1a: Vullaby
|-status|p1a: Vullaby|tox
|move|p1a: Vullaby|Nasty Plot|p1a: Vullaby
|-boost|p1a: Vullaby|spa|2
|
|-damage|p1a: Vullaby|74/100 tox|[from] psn
|upkeep
|turn|10
|
|t:|1641158913
|move|p2a: Staryu|Scald|p1a: Vullaby
|-damage|p1a: Vullaby|44/100 tox
|move|p1a: Vullaby|Roost|p1a: Vullaby
|-heal|p1a: Vullaby|96/100 tox
|-singleturn|p1a: Vullaby|move: Roost
|
|-damage|p1a: Vullaby|87/100 tox|[from] psn
|upkeep
|turn|11
|
|t:|1641158917
|move|p2a: Staryu|Scald|p1a: Vullaby
|-damage|p1a: Vullaby|57/100 tox
|move|p1a: Vullaby|Air Slash|p2a: Staryu
|-damage|p2a: Staryu|0 fnt
|faint|p2a: Staryu
|
|-damage|p1a: Vullaby|44/100 tox|[from] psn
|upkeep
|
|t:|1641158943
|switch|p2a: Gastly|Gastly, L5, M, shiny|100/100
|turn|12
|inactive|F i l l e has 180 seconds left.
|inactive|F i l l e has 150 seconds left.
|inactive|F i l l e has 120 seconds left.
|
|t:|1641159021
|switch|p1a: Diglett|Diglett, L5, M|100/100
|-damage|p1a: Diglett|95/100|[from] Stealth Rock
|move|p2a: Gastly|Sludge Bomb|p1a: Diglett
|-resisted|p1a: Diglett
|-damage|p1a: Diglett|50/100
|
|upkeep
|turn|13
|inactive|F i l l e has 120 seconds left.
|
|t:|1641159045
|move|p1a: Diglett|Substitute|p1a: Diglett
|-start|p1a: Diglett|Substitute
|-damage|p1a: Diglett|28/100
|move|p2a: Gastly|Shadow Ball|p1a: Diglett
|-end|p1a: Diglett|Substitute
|
|upkeep
|turn|14
|
|t:|1641159049
|move|p1a: Diglett|Beat Up|p2a: Gastly
|-supereffective|p2a: Gastly
|-damage|p2a: Gastly|77/100
|-supereffective|p2a: Gastly
|-damage|p2a: Gastly|62/100
|-supereffective|p2a: Gastly
|-damage|p2a: Gastly|48/100
|-hitcount|p2a: Gastly|3
|-damage|p1a: Diglett|23/100|[from] item: Life Orb
|move|p2a: Gastly|Shadow Ball|p1a: Diglett
|-damage|p1a: Diglett|0 fnt
|faint|p1a: Diglett
|
|-heal|p2a: Gastly|53/100|[from] item: Black Sludge
|upkeep
|inactive|F i l l e has 120 seconds left.
|
|t:|1641159055
|switch|p1a: Abra|Abra, L5, F|100/100
|turn|15
|inactive|F i l l e has 120 seconds left.
|inactive|Rumperto Oswaldo has 120 seconds left.
|inactive|Rumperto Oswaldo has 90 seconds left.
|inactive|Rumperto Oswaldo has 60 seconds left.
|
|t:|1641159152
|move|p1a: Abra|Psychic|p2a: Gastly
|-supereffective|p2a: Gastly
|-damage|p2a: Gastly|0 fnt
|faint|p2a: Gastly
|
|upkeep
|
|t:|1641159167
|switch|p2a: Mienfoo|Mienfoo, L5, M, shiny|100/100
|turn|16
|inactive|F i l l e has 120 seconds left.
|inactive|Rumperto Oswaldo has 30 seconds left.
|inactive|Rumperto Oswaldo has 20 seconds left.
|inactive|Rumperto Oswaldo has 15 seconds left.
|inactive|Rumperto Oswaldo has 10 seconds left.
|
|t:|1641159213
|move|p1a: Abra|Protect|p1a: Abra
|-singleturn|p1a: Abra|Protect
|move|p2a: Mienfoo|U-turn|p1a: Abra
|-activate|p1a: Abra|move: Protect
|
|upkeep
|turn|17
|inactive|Rumperto Oswaldo has 20 seconds left this turn.
|inactive|F i l l e has 90 seconds left.
|inactive|F i l l e has 60 seconds left.
|c|☆Rumperto Oswaldo|t
|
|t:|1641159281
|move|p1a: Abra|Psychic|p2a: Mienfoo
|-supereffective|p2a: Mienfoo
|-damage|p2a: Mienfoo|0 fnt
|faint|p2a: Mienfoo
|
|upkeep
|inactive|Rumperto Oswaldo has 25 seconds left this turn.
|inactive|Rumperto Oswaldo has 20 seconds left.
|inactive|Rumperto Oswaldo has 15 seconds left.
|c|☆Rumperto Oswaldo|uh
|c|☆Rumperto Oswaldo|gg
|
|t:|1641159295
|switch|p2a: Abra|Abra, L5, M, shiny|100/100
|turn|18
|inactive|Rumperto Oswaldo has 25 seconds left this turn.
|c|☆F i l l e|o
|c|☆F i l l e|high roll
|c|☆Rumperto Oswaldo|yea
|
|t:|1641159300
|move|p2a: Abra|Shadow Ball|p1a: Abra
|-supereffective|p1a: Abra
|-enditem|p1a: Abra|Focus Sash
|-damage|p1a: Abra|6/100
|-unboost|p1a: Abra|spd|1
|move|p1a: Abra|Psychic|p2a: Abra
|-resisted|p2a: Abra
|-damage|p2a: Abra|53/100
|
|upkeep
|turn|19
|c|☆F i l l e|gg
|
|t:|1641159304
|move|p2a: Abra|Shadow Ball|p1a: Abra
|-supereffective|p1a: Abra
|-damage|p1a: Abra|0 fnt
|faint|p1a: Abra
|
|upkeep
|
|t:|1641159307
|switch|p1a: Chinchou|Chinchou, L5, M|100/100
|-damage|p1a: Chinchou|88/100|[from] Stealth Rock
|turn|20
|
|t:|1641159310
|move|p1a: Chinchou|Volt Switch|p2a: Abra
|-damage|p2a: Abra|0 fnt
|faint|p2a: Abra
|
|win|F i l l e
