|inactive|Battle timer is ON: inactive players will automatically lose when time's up.
|t:|1630177652
|gametype|singles
|player|p1|Hockey1|2|
|player|p2|iss|ethan|
|teamsize|p1|6
|teamsize|p2|6
|gen|5
|tier|[Gen 5] LC
|rule|Species Clause: Limit one of each Pokémon
|rule|OHKO Clause: OHKO moves are banned
|rule|Moody Clause: Moody is banned
|rule|Evasion Moves Clause: Evasion moves are banned
|rule|Endless Battle Clause: Forcing endless battles is banned
|rule|HP Percentage Mod: HP is shown in percentages
|rule|Sleep Clause: Sleep-inducing moves are banned
|clearpoke
|poke|p1|Mienfoo, L5, F|item
|poke|p1|Pawniard, L5, F|item
|poke|p1|Timburr, L5, F|item
|poke|p1|Gastly, L5, F|item
|poke|p1|Drilbur, L5, F|item
|poke|p1|Porygon, L5|item
|poke|p2|Abra, L5, F|item
|poke|p2|Gastly, L5, M|item
|poke|p2|Diglett, L5, M|item
|poke|p2|Mienfoo, L5, M|item
|poke|p2|Staryu, L5|item
|poke|p2|Porygon, L5|item
|teampreview
|c|☆iss|gl!
|c|☆Hockey1|u2
|inactive|Hockey1 has 270 seconds left.
|inactive|iss has 270 seconds left.
|inactive|Hockey1 has 240 seconds left.
|c|+taranteeeno|go iss
|c|+64 squares|go hockey
|inactive|Hockey1 has 210 seconds left.
|
|t:|1630177754
|start
|switch|p1a: Mienfoo|Mienfoo, L5, F|100/100
|switch|p2a: Mienfoo|Mienfoo, L5, M|100/100
|turn|1
|c|+taranteeeno|go iss
|
|t:|1630177765
|move|p1a: Mienfoo|Knock Off|p2a: Mienfoo
|-resisted|p2a: Mienfoo
|-damage|p2a: Mienfoo|96/100
|-enditem|p2a: Mienfoo|Eviolite|[from] move: Knock Off|[of] p1a: Mienfoo
|move|p2a: Mienfoo|Knock Off|p1a: Mienfoo
|-resisted|p1a: Mienfoo
|-damage|p1a: Mienfoo|96/100
|-enditem|p1a: Mienfoo|Eviolite|[from] move: Knock Off|[of] p2a: Mienfoo
|
|upkeep
|turn|2
|inactive|Hockey1 has 270 seconds left.
|
|t:|1630177789
|move|p1a: Mienfoo|High Jump Kick|p2a: Mienfoo
|-damage|p2a: Mienfoo|14/100
|move|p2a: Mienfoo|U-turn|p1a: Mienfoo
|-resisted|p1a: Mienfoo
|-damage|p1a: Mienfoo|77/100
|c|+ALlCE|issexy 
|inactive|iss has 270 seconds left.
|c|+Boulicrok|bw lc bw lc
|c|+yell ow fin|bwlc bwlc 
|
|t:|1630177827
|switch|p2a: Diglett|Diglett, L5, M|100/100|[from]move: U-turn
|
|upkeep
|turn|3
|inactive|Hockey1 has 270 seconds left.
|c|+Tack is a Nerd|bw lc remains fire
|
|t:|1630177849
|move|p2a: Diglett|Earthquake|p1a: Mienfoo
|-damage|p1a: Mienfoo|0 fnt
|faint|p1a: Mienfoo
|-damage|p2a: Diglett|95/100|[from] item: Life Orb
|
|upkeep
|c|+Tack is a Nerd|iss's team is cuter tho so go iss
|c|+Tack is a Nerd|:p
|inactive|Hockey1 has 240 seconds left.
|
|t:|1630177897
|switch|p1a: Pawniard|Pawniard, L5, F|100/100
|turn|4
|inactive|iss has 270 seconds left.
|
|t:|1630177903
|move|p1a: Pawniard|Iron Head|p2a: Diglett
|-damage|p2a: Diglett|0 fnt
|faint|p2a: Diglett
|
|upkeep
|inactive|iss has 270 seconds left.
|
|t:|1630177926
|switch|p2a: Staryu|Staryu, L5|100/100
|turn|5
|inactive|Hockey1 has 210 seconds left.
|
|t:|1630177963
|switch|p1a: Timburr|Timburr, L5, F|100/100
|move|p2a: Staryu|Toxic|p1a: Timburr
|-status|p1a: Timburr|tox
|
|-damage|p1a: Timburr|96/100 tox|[from] psn
|upkeep
|turn|6
|inactive|Hockey1 has 210 seconds left.
|inactive|iss has 240 seconds left.
|
|t:|1630177993
|move|p2a: Staryu|Scald|p1a: Timburr
|-damage|p1a: Timburr|71/100 tox
|move|p1a: Timburr|Thunder Punch|p2a: Staryu
|-supereffective|p2a: Staryu
|-damage|p2a: Staryu|43/100
|
|-damage|p1a: Timburr|63/100 tox|[from] psn
|upkeep
|turn|7
|inactive|Hockey1 has 180 seconds left.
|
|t:|1630178036
|move|p2a: Staryu|Recover|p2a: Staryu
|-heal|p2a: Staryu|96/100
|move|p1a: Timburr|Thunder Punch|p2a: Staryu
|-supereffective|p2a: Staryu
|-damage|p2a: Staryu|29/100
|-status|p2a: Staryu|par
|
|-damage|p1a: Timburr|50/100 tox|[from] psn
|upkeep
|turn|8
|inactive|iss has 240 seconds left.
|
|t:|1630178065
|switch|p2a: Mienfoo|Mienfoo, L5, M|46/100
|move|p1a: Timburr|Drain Punch|p2a: Mienfoo
|-damage|p2a: Mienfoo|0 fnt
|-heal|p1a: Timburr|71/100 tox|[from] drain|[of] p2a: Mienfoo
|faint|p2a: Mienfoo
|
|-damage|p1a: Timburr|55/100 tox|[from] psn
|upkeep
|inactive|iss has 210 seconds left.
|
|t:|1630178109
|switch|p2a: Gastly|Gastly, L5, M|100/100
|turn|9
|inactive|Hockey1 has 150 seconds left.
|
|t:|1630178149
|move|p2a: Gastly|Sludge Bomb|p1a: Timburr
|-damage|p1a: Timburr|0 fnt
|faint|p1a: Timburr
|-damage|p2a: Gastly|95/100|[from] item: Life Orb
|
|upkeep
|
|t:|1630178155
|switch|p1a: Pawniard|Pawniard, L5, F|100/100
|turn|10
|
|t:|1630178184
|move|p1a: Pawniard|Night Slash|p2a: Gastly
|-supereffective|p2a: Gastly
|-damage|p2a: Gastly|0 fnt
|faint|p2a: Gastly
|
|upkeep
|inactive|iss has 180 seconds left.
|
|t:|1630178197
|switch|p2a: Abra|Abra, L5, F|100/100
|turn|11
|inactive|Hockey1 has 120 seconds left.
|
|t:|1630178242
|switch|p1a: Drilbur|Drilbur, L5, F|100/100
|-ability|p1a: Drilbur|Mold Breaker
|move|p2a: Abra|Hidden Power|p1a: Drilbur
|-damage|p1a: Drilbur|66/100
|
|upkeep
|turn|12
|inactive|Hockey1 has 90 seconds left.
|
|t:|1630178267
|switch|p2a: Porygon|Porygon, L5|100/100
|-ability|p2a: Porygon|Mold Breaker|[from] ability: Trace|[of] p1a: Drilbur
|-ability|p2a: Porygon|Mold Breaker
|move|p1a: Drilbur|Earthquake|p2a: Porygon
|-damage|p2a: Porygon|66/100
|
|upkeep
|turn|13
|inactive|Hockey1 has 90 seconds left.
|
|t:|1630178292
|move|p1a: Drilbur|Earthquake|p2a: Porygon
|-damage|p2a: Porygon|27/100
|move|p2a: Porygon|Recover|p2a: Porygon
|-heal|p2a: Porygon|77/100
|
|upkeep
|turn|14
|
|t:|1630178300
|move|p1a: Drilbur|Earthquake|p2a: Porygon
|-damage|p2a: Porygon|39/100
|move|p2a: Porygon|Recover|p2a: Porygon
|-heal|p2a: Porygon|89/100
|
|upkeep
|turn|15
|
|t:|1630178311
|move|p1a: Drilbur|Earthquake|p2a: Porygon
|-damage|p2a: Porygon|50/100
|move|p2a: Porygon|Hidden Power|p1a: Drilbur
|-crit|p1a: Drilbur
|-damage|p1a: Drilbur|14/100
|
|upkeep
|turn|16
|
|t:|1630178319
|move|p1a: Drilbur|Rock Slide|p2a: Porygon
|-damage|p2a: Porygon|31/100
|cant|p2a: Porygon|flinch
|
|upkeep
|turn|17
|
|t:|1630178330
|move|p1a: Drilbur|Earthquake|p2a: Porygon
|-crit|p2a: Porygon
|-damage|p2a: Porygon|0 fnt
|faint|p2a: Porygon
|
|upkeep
|
|t:|1630178335
|switch|p2a: Staryu|Staryu, L5|29/100
|turn|18
|
|t:|1630178340
|move|p2a: Staryu|Recover|p2a: Staryu
|-heal|p2a: Staryu|81/100
|move|p1a: Drilbur|Earthquake|p2a: Staryu
|-damage|p2a: Staryu|34/100
|
|upkeep
|turn|19
|
|t:|1630178345
|move|p2a: Staryu|Recover|p2a: Staryu
|-heal|p2a: Staryu|86/100
|move|p1a: Drilbur|Earthquake|p2a: Staryu
|-damage|p2a: Staryu|39/100
|
|upkeep
|turn|20
|
|t:|1630178348
|move|p2a: Staryu|Recover|p2a: Staryu
|-heal|p2a: Staryu|91/100
|move|p1a: Drilbur|Earthquake|p2a: Staryu
|-damage|p2a: Staryu|43/100
|
|upkeep
|turn|21
|inactive|iss has 240 seconds left.
|
|t:|1630178354
|move|p2a: Staryu|Recover|p2a: Staryu
|-heal|p2a: Staryu|96/100
|move|p1a: Drilbur|Earthquake|p2a: Staryu
|-damage|p2a: Staryu|48/100
|
|upkeep
|turn|22
|
|t:|1630178357
|move|p2a: Staryu|Recover|p2a: Staryu
|-heal|p2a: Staryu|100/100
|move|p1a: Drilbur|Earthquake|p2a: Staryu
|-damage|p2a: Staryu|53/100
|
|upkeep
|turn|23
|inactive|Hockey1 has 150 seconds left.
|
|t:|1630178369
|move|p2a: Staryu|Scald|p1a: Drilbur
|-supereffective|p1a: Drilbur
|-damage|p1a: Drilbur|0 fnt
|faint|p1a: Drilbur
|
|upkeep
|
|t:|1630178379
|switch|p1a: Gastly|Gastly, L5, F|100/100
|turn|24
|
|t:|1630178387
|move|p2a: Staryu|Scald|p1a: Gastly
|-damage|p1a: Gastly|65/100
|move|p1a: Gastly|Thunderbolt|p2a: Staryu
|-supereffective|p2a: Staryu
|-damage|p2a: Staryu|0 fnt
|faint|p2a: Staryu
|
|upkeep
|
|t:|1630178398
|switch|p2a: Abra|Abra, L5, F|100/100
|turn|25
|
|t:|1630178406
|move|p2a: Abra|Trick|p1a: Gastly
|-activate|p2a: Abra|move: Trick|[of] p1a: Gastly
|-item|p1a: Gastly|Choice Scarf|[from] move: Trick
|-item|p2a: Abra|Eviolite|[from] move: Trick
|move|p1a: Gastly|Sludge Bomb|p2a: Abra
|-damage|p2a: Abra|37/100
|
|upkeep
|turn|26
|c|☆iss|gg
|c|☆Hockey1|gg
|
|t:|1630178415
|move|p1a: Gastly|Sludge Bomb|p2a: Abra
|-damage|p2a: Abra|0 fnt
|faint|p2a: Abra
|
|win|Hockey1
