|j|☆js boki
|j|☆jiraching
|t:|1644066412
|gametype|singles
|player|p1|js boki|170|
|player|p2|jiraching|roxie|
|teamsize|p1|6
|teamsize|p2|6
|gen|5
|tier|[Gen 5] OU
|rule|Species Clause: Limit one of each Pokémon
|rule|OHKO Clause: OHKO moves are banned
|rule|Moody Clause: Moody is banned
|rule|Evasion Moves Clause: Evasion moves are banned
|rule|Endless Battle Clause: Forcing endless battles is banned
|rule|HP Percentage Mod: HP is shown in percentages
|rule|Evasion Abilities Clause: Evasion abilities are banned
|rule|Sleep Clause: Sleep-inducing moves are banned
|rule|Swagger Clause: Swagger is banned
|clearpoke
|poke|p1|Chansey, F|item
|poke|p1|Syclant, F|item
|poke|p1|Skarmory, F|item
|poke|p1|Excadrill, F|item
|poke|p1|Jellicent, F|item
|poke|p1|Keldeo-Resolute|item
|poke|p2|Tomohawk, M|item
|poke|p2|Tyranitar, M|item
|poke|p2|Latios, M|item
|poke|p2|Rotom-Wash|item
|poke|p2|Ferrothorn, M|item
|poke|p2|Excadrill, M|item
|teampreview
|
|t:|1644066453
|start
|switch|p1a: Excadrill|Excadrill, F|100/100
|switch|p2a: Ferrothorn|Ferrothorn, M|100/100
|-ability|p1a: Excadrill|Mold Breaker
|turn|1
|
|t:|1644066466
|move|p1a: Excadrill|Stealth Rock|p2a: Ferrothorn
|-sidestart|p2: jiraching|move: Stealth Rock
|move|p2a: Ferrothorn|Spikes|p1a: Excadrill
|-sidestart|p1: js boki|Spikes
|
|upkeep
|turn|2
|
|t:|1644066473
|move|p1a: Excadrill|Earthquake|p2a: Ferrothorn
|-damage|p2a: Ferrothorn|60/100
|move|p2a: Ferrothorn|Spikes|p1a: Excadrill
|-sidestart|p1: js boki|Spikes
|
|-heal|p2a: Ferrothorn|66/100|[from] item: Leftovers
|upkeep
|turn|3
|
|t:|1644066483
|move|p2a: Ferrothorn|Protect|p2a: Ferrothorn
|-singleturn|p2a: Ferrothorn|Protect
|move|p1a: Excadrill|Rapid Spin|p2a: Ferrothorn
|-activate|p2a: Ferrothorn|move: Protect
|
|-heal|p2a: Ferrothorn|73/100|[from] item: Leftovers
|upkeep
|turn|4
|
|t:|1644066493
|move|p1a: Excadrill|Earthquake|p2a: Ferrothorn
|-damage|p2a: Ferrothorn|31/100
|move|p2a: Ferrothorn|Leech Seed|p1a: Excadrill
|-start|p1a: Excadrill|move: Leech Seed
|
|-heal|p2a: Ferrothorn|37/100|[from] item: Leftovers
|-damage|p1a: Excadrill|88/100|[from] Leech Seed|[of] p2a: Ferrothorn
|-heal|p2a: Ferrothorn|50/100|[silent]
|upkeep
|turn|5
|
|t:|1644066506
|switch|p1a: Keldeo|Keldeo-Resolute|100/100
|-damage|p1a: Keldeo|84/100|[from] Spikes
|move|p2a: Ferrothorn|Protect||[still]
|-fail|p2a: Ferrothorn
|
|-heal|p2a: Ferrothorn|56/100|[from] item: Leftovers
|upkeep
|turn|6
|
|t:|1644066516
|move|p2a: Ferrothorn|Protect|p2a: Ferrothorn
|-singleturn|p2a: Ferrothorn|Protect
|move|p1a: Keldeo|Secret Sword|p2a: Ferrothorn
|-activate|p2a: Ferrothorn|move: Protect
|
|-heal|p2a: Ferrothorn|62/100|[from] item: Leftovers
|upkeep
|turn|7
|
|t:|1644066537
|switch|p2a: Latios|Latios, M|100/100
|-damage|p2a: Latios|88/100|[from] Stealth Rock
|move|p1a: Keldeo|Secret Sword|p2a: Latios
|-resisted|p2a: Latios
|-damage|p2a: Latios|52/100
|-damage|p1a: Keldeo|74/100|[from] item: Life Orb
|
|upkeep
|turn|8
|
|t:|1644066550
|switch|p1a: Chansey|Chansey, F|100/100
|-damage|p1a: Chansey|84/100|[from] Spikes
|move|p2a: Latios|Trick|p1a: Chansey
|-activate|p2a: Latios|move: Trick|[of] p1a: Chansey
|-item|p1a: Chansey|Choice Scarf|[from] move: Trick
|-item|p2a: Latios|Eviolite|[from] move: Trick
|
|upkeep
|turn|9
|
|t:|1644066568
|switch|p2a: Ferrothorn|Ferrothorn, M|62/100
|-damage|p2a: Ferrothorn|56/100|[from] Stealth Rock
|move|p1a: Chansey|Seismic Toss|p2a: Ferrothorn
|-damage|p2a: Ferrothorn|27/100
|-damage|p1a: Chansey|71/100|[from] ability: Iron Barbs|[of] p2a: Ferrothorn
|
|-heal|p2a: Ferrothorn|34/100|[from] item: Leftovers
|upkeep
|turn|10
|
|t:|1644066609
|switch|p1a: Syclant|Syclant, F|100/100
|-damage|p1a: Syclant|84/100|[from] Spikes
|move|p2a: Ferrothorn|Leech Seed|p1a: Syclant
|-start|p1a: Syclant|move: Leech Seed
|
|-heal|p2a: Ferrothorn|40/100|[from] item: Leftovers
|-damage|p1a: Syclant|72/100|[from] Leech Seed|[of] p2a: Ferrothorn
|-heal|p2a: Ferrothorn|50/100|[silent]
|upkeep
|turn|11
|
|t:|1644066620
|move|p2a: Ferrothorn|Protect|p2a: Ferrothorn
|-singleturn|p2a: Ferrothorn|Protect
|move|p1a: Syclant|U-turn|p2a: Ferrothorn
|-activate|p2a: Ferrothorn|move: Protect
|
|-heal|p2a: Ferrothorn|56/100|[from] item: Leftovers
|-damage|p1a: Syclant|59/100|[from] Leech Seed|[of] p2a: Ferrothorn
|-heal|p2a: Ferrothorn|66/100|[silent]
|upkeep
|turn|12
|
|t:|1644066641
|move|p1a: Syclant|U-turn|p2a: Ferrothorn
|-damage|p2a: Ferrothorn|34/100
|-damage|p1a: Syclant|47/100|[from] ability: Iron Barbs|[of] p2a: Ferrothorn
|
|t:|1644066645
|switch|p1a: Excadrill|Excadrill, F|88/100|[from]move: U-turn
|-damage|p1a: Excadrill|71/100|[from] Spikes
|-ability|p1a: Excadrill|Mold Breaker
|move|p2a: Ferrothorn|Power Whip|p1a: Excadrill
|-damage|p1a: Excadrill|12/100
|
|-heal|p2a: Ferrothorn|41/100|[from] item: Leftovers
|upkeep
|turn|13
|
|t:|1644066659
|move|p2a: Ferrothorn|Protect|p2a: Ferrothorn
|-singleturn|p2a: Ferrothorn|Protect
|move|p1a: Excadrill|Rapid Spin|p2a: Ferrothorn
|-activate|p2a: Ferrothorn|move: Protect
|
|-heal|p2a: Ferrothorn|47/100|[from] item: Leftovers
|upkeep
|turn|14
|
|t:|1644066668
|move|p1a: Excadrill|Rapid Spin|p2a: Ferrothorn
|-resisted|p2a: Ferrothorn
|-damage|p2a: Ferrothorn|44/100
|-damage|p1a: Excadrill|0 fnt|[from] ability: Iron Barbs|[of] p2a: Ferrothorn
|faint|p1a: Excadrill
|move|p2a: Ferrothorn|Leech Seed|p1: Excadrill|[notarget]
|-fail|p2a: Ferrothorn
|
|-heal|p2a: Ferrothorn|50/100|[from] item: Leftovers
|upkeep
|
|t:|1644066682
|switch|p1a: Keldeo|Keldeo-Resolute|74/100
|-damage|p1a: Keldeo|58/100|[from] Spikes
|turn|15
|
|t:|1644066692
|move|p2a: Ferrothorn|Protect|p2a: Ferrothorn
|-singleturn|p2a: Ferrothorn|Protect
|move|p1a: Keldeo|Secret Sword|p2a: Ferrothorn
|-activate|p2a: Ferrothorn|move: Protect
|
|-heal|p2a: Ferrothorn|57/100|[from] item: Leftovers
|upkeep
|turn|16
|
|t:|1644066714
|switch|p2a: Tomohawk|Tomohawk, M|100/100
|-damage|p2a: Tomohawk|88/100|[from] Stealth Rock
|-ability|p2a: Tomohawk|Intimidate|boost
|-unboost|p1a: Keldeo|atk|1
|move|p1a: Keldeo|Secret Sword|p2a: Tomohawk
|-resisted|p2a: Tomohawk
|-damage|p2a: Tomohawk|60/100
|-damage|p1a: Keldeo|48/100|[from] item: Life Orb
|
|-heal|p2a: Tomohawk|66/100|[from] item: Leftovers
|upkeep
|turn|17
|
|t:|1644066737
|move|p1a: Keldeo|Hydro Pump|p2a: Tomohawk
|-damage|p2a: Tomohawk|0 fnt
|faint|p2a: Tomohawk
|-damage|p1a: Keldeo|38/100|[from] item: Life Orb
|
|upkeep
|
|t:|1644066745
|switch|p2a: Latios|Latios, M|52/100
|-damage|p2a: Latios|40/100|[from] Stealth Rock
|turn|18
|
|t:|1644066762
|switch|p1a: Skarmory|Skarmory, F|100/100
|move|p2a: Latios|Dragon Pulse|p1a: Skarmory
|-resisted|p1a: Skarmory
|-damage|p1a: Skarmory|68/100
|
|upkeep
|turn|19
|
|t:|1644066778
|move|p2a: Latios|Surf|p1a: Skarmory
|-damage|p1a: Skarmory|22/100
|move|p1a: Skarmory|Roost|p1a: Skarmory
|-heal|p1a: Skarmory|72/100
|-singleturn|p1a: Skarmory|move: Roost
|
|upkeep
|turn|20
|
|t:|1644066801
|switch|p2a: Ferrothorn|Ferrothorn, M|57/100
|-damage|p2a: Ferrothorn|50/100|[from] Stealth Rock
|move|p1a: Skarmory|Roost|p1a: Skarmory
|-heal|p1a: Skarmory|100/100
|-singleturn|p1a: Skarmory|move: Roost
|
|-heal|p2a: Ferrothorn|57/100|[from] item: Leftovers
|upkeep
|turn|21
|
|t:|1644066811
|move|p2a: Ferrothorn|Power Whip|p1a: Skarmory
|-resisted|p1a: Skarmory
|-damage|p1a: Skarmory|95/100
|move|p1a: Skarmory|Whirlwind|p2a: Ferrothorn
|drag|p2a: Latios|Latios, M|40/100
|-damage|p2a: Latios|27/100|[from] Stealth Rock
|
|upkeep
|turn|22
|
|t:|1644066843
|switch|p1a: Chansey|Chansey, F|71/100
|-damage|p1a: Chansey|55/100|[from] Spikes
|move|p2a: Latios|Trick|p1a: Chansey
|-activate|p2a: Latios|move: Trick|[of] p1a: Chansey
|-item|p1a: Chansey|Eviolite|[from] move: Trick
|-item|p2a: Latios|Choice Scarf|[from] move: Trick
|
|upkeep
|turn|23
|
|t:|1644066855
|switch|p2a: Ferrothorn|Ferrothorn, M|57/100
|-damage|p2a: Ferrothorn|50/100|[from] Stealth Rock
|move|p1a: Chansey|Soft-Boiled|p1a: Chansey
|-heal|p1a: Chansey|100/100
|
|-heal|p2a: Ferrothorn|57/100|[from] item: Leftovers
|upkeep
|turn|24
|
|t:|1644066871
|switch|p1a: Skarmory|Skarmory, F|95/100
|move|p2a: Ferrothorn|Power Whip|p1a: Skarmory|[miss]
|-miss|p2a: Ferrothorn|p1a: Skarmory
|
|-heal|p2a: Ferrothorn|63/100|[from] item: Leftovers
|upkeep
|turn|25
|
|t:|1644066888
|move|p2a: Ferrothorn|Leech Seed|p1a: Skarmory|[miss]
|-miss|p2a: Ferrothorn|p1a: Skarmory
|move|p1a: Skarmory|Whirlwind|p2a: Ferrothorn
|drag|p2a: Rotom|Rotom-Wash|100/100
|-damage|p2a: Rotom|88/100|[from] Stealth Rock
|
|-heal|p2a: Rotom|94/100|[from] item: Leftovers
|upkeep
|turn|26
|
|t:|1644066910
|move|p2a: Rotom|Volt Switch|p1a: Skarmory
|-supereffective|p1a: Skarmory
|-damage|p1a: Skarmory|28/100
|
|t:|1644066915
|switch|p2a: Ferrothorn|Ferrothorn, M|63/100|[from]move: Volt Switch
|-damage|p2a: Ferrothorn|57/100|[from] Stealth Rock
|move|p1a: Skarmory|Whirlwind|p2a: Ferrothorn
|drag|p2a: Tyranitar|Tyranitar, M|100/100
|-damage|p2a: Tyranitar|88/100|[from] Stealth Rock
|-weather|Sandstorm|[from] ability: Sand Stream|[of] p2a: Tyranitar
|
|-weather|Sandstorm|[upkeep]
|upkeep
|turn|27
|
|t:|1644066939
|move|p1a: Skarmory|Roost|p1a: Skarmory
|-heal|p1a: Skarmory|78/100
|-singleturn|p1a: Skarmory|move: Roost
|move|p2a: Tyranitar|Stealth Rock|p1a: Skarmory
|-sidestart|p1: js boki|move: Stealth Rock
|
|-weather|Sandstorm|[upkeep]
|upkeep
|turn|28
|
|t:|1644066956
|move|p1a: Skarmory|Roost|p1a: Skarmory
|-heal|p1a: Skarmory|100/100
|-singleturn|p1a: Skarmory|move: Roost
|move|p2a: Tyranitar|Crunch|p1a: Skarmory
|-resisted|p1a: Skarmory
|-damage|p1a: Skarmory|89/100
|
|-weather|Sandstorm|[upkeep]
|upkeep
|turn|29
|
|t:|1644066969
|switch|p2a: Rotom|Rotom-Wash|94/100
|-damage|p2a: Rotom|82/100|[from] Stealth Rock
|move|p1a: Skarmory|Whirlwind|p2a: Rotom
|drag|p2a: Latios|Latios, M|27/100
|-damage|p2a: Latios|15/100|[from] Stealth Rock
|
|-weather|Sandstorm|[upkeep]
|-damage|p2a: Latios|9/100|[from] Sandstorm
|upkeep
|turn|30
|
|t:|1644066987
|switch|p1a: Keldeo|Keldeo-Resolute|38/100
|-damage|p1a: Keldeo|32/100|[from] Stealth Rock
|-damage|p1a: Keldeo|15/100|[from] Spikes
|move|p2a: Latios|Trick|p1a: Keldeo
|-activate|p2a: Latios|move: Trick|[of] p1a: Keldeo
|-item|p1a: Keldeo|Choice Scarf|[from] move: Trick
|-item|p2a: Latios|Life Orb|[from] move: Trick
|
|-weather|Sandstorm|[upkeep]
|-damage|p1a: Keldeo|9/100|[from] Sandstorm
|-damage|p2a: Latios|3/100|[from] Sandstorm
|upkeep
|turn|31
|
|t:|1644067000
|move|p1a: Keldeo|Secret Sword|p2a: Latios
|-resisted|p2a: Latios
|-damage|p2a: Latios|0 fnt
|faint|p2a: Latios
|
|-weather|Sandstorm|[upkeep]
|-damage|p1a: Keldeo|3/100|[from] Sandstorm
|upkeep
|
|t:|1644067004
|switch|p2a: Ferrothorn|Ferrothorn, M|57/100
|-damage|p2a: Ferrothorn|50/100|[from] Stealth Rock
|turn|32
|
|t:|1644067014
|move|p2a: Ferrothorn|Protect|p2a: Ferrothorn
|-singleturn|p2a: Ferrothorn|Protect
|move|p1a: Keldeo|Secret Sword|p2a: Ferrothorn
|-activate|p2a: Ferrothorn|move: Protect
|
|-weather|Sandstorm|[upkeep]
|-damage|p1a: Keldeo|0 fnt|[from] Sandstorm
|faint|p1a: Keldeo
|-heal|p2a: Ferrothorn|57/100|[from] item: Leftovers
|upkeep
|
|t:|1644067023
|switch|p1a: Syclant|Syclant, F|47/100
|-damage|p1a: Syclant|30/100|[from] Spikes
|turn|33
|
|t:|1644067035
|move|p1a: Syclant|X-Scissor|p2a: Ferrothorn
|-damage|p2a: Ferrothorn|18/100
|-damage|p1a: Syclant|18/100|[from] ability: Iron Barbs|[of] p2a: Ferrothorn
|move|p2a: Ferrothorn|Leech Seed|p1a: Syclant
|-start|p1a: Syclant|move: Leech Seed
|
|-weather|Sandstorm|[upkeep]
|-damage|p1a: Syclant|12/100|[from] Sandstorm
|-heal|p2a: Ferrothorn|24/100|[from] item: Leftovers
|-damage|p1a: Syclant|0 fnt|[from] Leech Seed|[of] p2a: Ferrothorn
|-heal|p2a: Ferrothorn|33/100|[silent]
|faint|p1a: Syclant
|upkeep
|
|t:|1644067052
|switch|p1a: Skarmory|Skarmory, F|89/100
|-damage|p1a: Skarmory|77/100|[from] Stealth Rock
|turn|34
|
|t:|1644067062
|move|p2a: Ferrothorn|Leech Seed|p1a: Skarmory
|-start|p1a: Skarmory|move: Leech Seed
|move|p1a: Skarmory|Whirlwind|p2a: Ferrothorn
|drag|p2a: Excadrill|Excadrill, M|100/100
|-damage|p2a: Excadrill|97/100|[from] Stealth Rock
|
|-weather|Sandstorm|[upkeep]
|-damage|p1a: Skarmory|64/100|[from] Leech Seed|[of] p2a: Excadrill
|-heal|p2a: Excadrill|100/100|[silent]
|upkeep
|turn|35
|
|t:|1644067085
|switch|p1a: Chansey|Chansey, F|100/100
|-damage|p1a: Chansey|88/100|[from] Stealth Rock
|-damage|p1a: Chansey|71/100|[from] Spikes
|move|p2a: Excadrill|Rock Slide|p1a: Chansey
|-crit|p1a: Chansey
|-damage|p1a: Chansey|0 fnt
|faint|p1a: Chansey
|
|-weather|Sandstorm|[upkeep]
|upkeep
|
|t:|1644067102
|switch|p1a: Jellicent|Jellicent, F|100/100
|-damage|p1a: Jellicent|84/100|[from] Spikes
|-damage|p1a: Jellicent|72/100|[from] Stealth Rock
|turn|36
|
|t:|1644067112
|switch|p2a: Rotom|Rotom-Wash|82/100
|-damage|p2a: Rotom|70/100|[from] Stealth Rock
|move|p1a: Jellicent|Scald|p2a: Rotom
|-resisted|p2a: Rotom
|-damage|p2a: Rotom|60/100
|-status|p2a: Rotom|brn
|
|-weather|Sandstorm|[upkeep]
|-damage|p2a: Rotom|54/100 brn|[from] Sandstorm
|-damage|p1a: Jellicent|65/100|[from] Sandstorm
|-heal|p2a: Rotom|60/100 brn|[from] item: Leftovers
|-heal|p1a: Jellicent|72/100|[from] item: Leftovers
|-damage|p2a: Rotom|48/100 brn|[from] brn
|upkeep
|turn|37
|
|t:|1644067128
|move|p2a: Rotom|Pain Split|p1a: Jellicent
|-sethp|p1a: Jellicent|54/100|[from] move: Pain Split|[silent]
|-sethp|p2a: Rotom|71/100 brn|[from] move: Pain Split
|move|p1a: Jellicent|Recover|p1a: Jellicent
|-heal|p1a: Jellicent|100/100
|
|-weather|Sandstorm|[upkeep]
|-damage|p2a: Rotom|66/100 brn|[from] Sandstorm
|-damage|p1a: Jellicent|94/100|[from] Sandstorm
|-heal|p2a: Rotom|71/100 brn|[from] item: Leftovers
|-heal|p1a: Jellicent|100/100|[from] item: Leftovers
|-damage|p2a: Rotom|59/100 brn|[from] brn
|upkeep
|turn|38
|
|t:|1644067140
|move|p2a: Rotom|Pain Split|p1a: Jellicent
|-sethp|p1a: Jellicent|73/100|[from] move: Pain Split|[silent]
|-sethp|p2a: Rotom|97/100 brn|[from] move: Pain Split
|move|p1a: Jellicent|Taunt|p2a: Rotom
|-start|p2a: Rotom|move: Taunt
|
|-weather|Sandstorm|[upkeep]
|-damage|p2a: Rotom|91/100 brn|[from] Sandstorm
|-damage|p1a: Jellicent|66/100|[from] Sandstorm
|-heal|p2a: Rotom|97/100 brn|[from] item: Leftovers
|-heal|p1a: Jellicent|73/100|[from] item: Leftovers
|-damage|p2a: Rotom|84/100 brn|[from] brn
|upkeep
|turn|39
|
|t:|1644067152
|move|p2a: Rotom|Volt Switch|p1a: Jellicent
|-supereffective|p1a: Jellicent
|-damage|p1a: Jellicent|34/100
|
|t:|1644067157
|switch|p2a: Ferrothorn|Ferrothorn, M|33/100|[from]move: Volt Switch
|-damage|p2a: Ferrothorn|27/100|[from] Stealth Rock
|move|p1a: Jellicent|Recover|p1a: Jellicent
|-heal|p1a: Jellicent|84/100
|
|-weather|Sandstorm|[upkeep]
|-damage|p1a: Jellicent|78/100|[from] Sandstorm
|-heal|p1a: Jellicent|84/100|[from] item: Leftovers
|-heal|p2a: Ferrothorn|33/100|[from] item: Leftovers
|upkeep
|turn|40
|
|t:|1644067169
|move|p1a: Jellicent|Taunt|p2a: Ferrothorn
|-start|p2a: Ferrothorn|move: Taunt
|cant|p2a: Ferrothorn|move: Taunt|Leech Seed
|
|-weather|Sandstorm|[upkeep]
|-damage|p1a: Jellicent|78/100|[from] Sandstorm
|-heal|p1a: Jellicent|84/100|[from] item: Leftovers
|-heal|p2a: Ferrothorn|40/100|[from] item: Leftovers
|upkeep
|turn|41
|
|t:|1644067177
|switch|p1a: Skarmory|Skarmory, F|64/100
|-damage|p1a: Skarmory|52/100|[from] Stealth Rock
|move|p2a: Ferrothorn|Power Whip|p1a: Skarmory
|-resisted|p1a: Skarmory
|-damage|p1a: Skarmory|47/100
|
|-weather|Sandstorm|[upkeep]
|-heal|p2a: Ferrothorn|46/100|[from] item: Leftovers
|upkeep
|turn|42
|
|t:|1644067193
|switch|p2a: Rotom|Rotom-Wash|84/100 brn
|-damage|p2a: Rotom|72/100 brn|[from] Stealth Rock
|move|p1a: Skarmory|Roost|p1a: Skarmory
|-heal|p1a: Skarmory|97/100
|-singleturn|p1a: Skarmory|move: Roost
|
|-weather|Sandstorm|[upkeep]
|-damage|p2a: Rotom|66/100 brn|[from] Sandstorm
|-heal|p2a: Rotom|72/100 brn|[from] item: Leftovers
|-damage|p2a: Rotom|60/100 brn|[from] brn
|upkeep
|turn|43
|
|t:|1644067205
|move|p2a: Rotom|Will-O-Wisp|p1a: Skarmory
|-status|p1a: Skarmory|brn
|move|p1a: Skarmory|Whirlwind|p2a: Rotom
|drag|p2a: Excadrill|Excadrill, M|100/100
|-damage|p2a: Excadrill|97/100|[from] Stealth Rock
|
|-weather|Sandstorm|[upkeep]
|-damage|p1a: Skarmory|84/100 brn|[from] brn
|upkeep
|turn|44
|
|t:|1644067217
|move|p2a: Excadrill|Rock Slide|p1a: Skarmory
|-damage|p1a: Skarmory|50/100 brn
|cant|p1a: Skarmory|flinch
|
|-weather|Sandstorm|[upkeep]
|-damage|p1a: Skarmory|37/100 brn|[from] brn
|upkeep
|turn|45
|
|t:|1644067225
|move|p2a: Excadrill|Rock Slide|p1a: Skarmory|[miss]
|-miss|p2a: Excadrill|p1a: Skarmory
|move|p1a: Skarmory|Roost|p1a: Skarmory
|-heal|p1a: Skarmory|87/100 brn
|-singleturn|p1a: Skarmory|move: Roost
|
|-weather|Sandstorm|[upkeep]
|-damage|p1a: Skarmory|75/100 brn|[from] brn
|upkeep
|turn|46
|
|t:|1644067237
|move|p2a: Excadrill|Rock Slide|p1a: Skarmory
|-damage|p1a: Skarmory|40/100 brn
|cant|p1a: Skarmory|flinch
|
|-weather|Sandstorm|[upkeep]
|-damage|p1a: Skarmory|28/100 brn|[from] brn
|upkeep
|turn|47
|
|t:|1644067257
|move|p2a: Excadrill|Rock Slide|p1a: Skarmory
|-crit|p1a: Skarmory
|-damage|p1a: Skarmory|0 fnt
|faint|p1a: Skarmory
|
|-weather|Sandstorm|[upkeep]
|upkeep
|
|t:|1644067263
|switch|p1a: Jellicent|Jellicent, F|84/100
|-damage|p1a: Jellicent|72/100|[from] Stealth Rock
|-damage|p1a: Jellicent|55/100|[from] Spikes
|turn|48
|
|t:|1644067268
|move|p2a: Excadrill|Rock Slide|p1a: Jellicent
|-damage|p1a: Jellicent|10/100
|cant|p1a: Jellicent|flinch
|
|-weather|Sandstorm|[upkeep]
|-damage|p1a: Jellicent|4/100|[from] Sandstorm
|-heal|p1a: Jellicent|10/100|[from] item: Leftovers
|upkeep
|turn|49
|
|t:|1644067277
|move|p2a: Excadrill|Rock Slide|p1a: Jellicent
|-damage|p1a: Jellicent|0 fnt
|faint|p1a: Jellicent
|
|win|jiraching
