|j|☆Erowastaken
|j|☆UwU_Kingz
|t:|1637297296
|gametype|singles
|player|p1|Erowastaken|shadowtriad|
|player|p2|UwU_Kingz|169|
|teamsize|p1|6
|teamsize|p2|6
|gen|5
|tier|[Gen 5] LC
|rule|Species Clause: Limit one of each Pokémon
|rule|OHKO Clause: OHKO moves are banned
|rule|Moody Clause: Moody is banned
|rule|Evasion Moves Clause: Evasion moves are banned
|rule|Endless Battle Clause: Forcing endless battles is banned
|rule|HP Percentage Mod: HP is shown in percentages
|rule|Sleep Clause: Sleep-inducing moves are banned
|clearpoke
|poke|p1|Archen, L5, F|item
|poke|p1|Koffing, L5, F|item
|poke|p1|Drowzee, L5, M|item
|poke|p1|Magnemite, L5|item
|poke|p1|Wailmer, L5, M|item
|poke|p1|Carvanha, L5, F|item
|poke|p2|Abra, L5, F|item
|poke|p2|Omanyte, L5, F|item
|poke|p2|Houndour, L5, M|item
|poke|p2|Golett, L5|item
|poke|p2|Nidoran-M, L5, M|item
|poke|p2|Ferroseed, L5, F|item
|teampreview
|
|t:|1637297332
|start
|switch|p1a: Children Observer|Drowzee, L5, M|100/100
|switch|p2a: OwO Jr|Nidoran-M, L5, M, shiny|100/100
|-activate|p1a: Children Observer|ability: Forewarn|Return|[of] p2a: OwO Jr
|turn|1
|
|t:|1637297379
|switch|p2a: Ferroseed|Ferroseed, L5, F, shiny|100/100
|move|p1a: Children Observer|Calm Mind|p1a: Children Observer
|-boost|p1a: Children Observer|spa|1
|-boost|p1a: Children Observer|spd|1
|
|upkeep
|turn|2
|
|t:|1637297402
|switch|p1a: The Vid|Koffing, L5, F|100/100
|move|p2a: Ferroseed|Seed Bomb|p1a: The Vid
|-resisted|p1a: The Vid
|-damage|p1a: The Vid|81/100
|-damage|p2a: Ferroseed|91/100|[from] item: Life Orb
|
|-heal|p1a: The Vid|86/100|[from] item: Black Sludge
|upkeep
|turn|3
|
|t:|1637297421
|move|p1a: The Vid|Flamethrower|p2a: Ferroseed
|-supereffective|p2a: Ferroseed
|-damage|p2a: Ferroseed|0 fnt
|faint|p2a: Ferroseed
|
|-heal|p1a: The Vid|91/100|[from] item: Black Sludge
|upkeep
|
|t:|1637297431
|switch|p2a: Houndour|Houndour, L5, M, shiny|100/100
|-ability|p2a: Houndour|Unnerve
|turn|4
|
|t:|1637297458
|switch|p1a: Shark Bait|Carvanha, L5, F, shiny|100/100
|move|p2a: Houndour|Shadow Ball|p1a: Shark Bait
|-resisted|p1a: Shark Bait
|-damage|p1a: Shark Bait|67/100
|
|upkeep
|turn|5
|
|t:|1637297483
|move|p1a: Shark Bait|Waterfall|p2a: Houndour
|-supereffective|p2a: Houndour
|-damage|p2a: Houndour|0 fnt
|-damage|p1a: Shark Bait|53/100|[from] item: Rocky Helmet|[of] p2a: Houndour
|faint|p2a: Houndour
|
|-ability|p1a: Shark Bait|Speed Boost|boost
|-boost|p1a: Shark Bait|spe|1
|upkeep
|
|t:|1637297494
|switch|p2a: OwO Jr|Nidoran-M, L5, M, shiny|100/100
|turn|6
|
|t:|1637297507
|move|p1a: Shark Bait|Waterfall|p2a: OwO Jr
|-damage|p2a: OwO Jr|13/100
|cant|p2a: OwO Jr|flinch
|
|-heal|p2a: OwO Jr|17/100|[from] item: Black Sludge
|-ability|p1a: Shark Bait|Speed Boost|boost
|-boost|p1a: Shark Bait|spe|1
|upkeep
|turn|7
|
|t:|1637297524
|move|p1a: Shark Bait|Waterfall|p2a: OwO Jr
|-damage|p2a: OwO Jr|0 fnt
|-status|p1a: Shark Bait|psn|[from] ability: Poison Point|[of] p2a: OwO Jr
|-enditem|p1a: Shark Bait|Lum Berry|[eat]
|-curestatus|p1a: Shark Bait|psn|[msg]
|faint|p2a: OwO Jr
|
|-ability|p1a: Shark Bait|Speed Boost|boost
|-boost|p1a: Shark Bait|spe|1
|upkeep
|
|t:|1637297536
|switch|p2a: Golett|Golett, L5, shiny|100/100
|turn|8
|
|t:|1637297546
|move|p1a: Shark Bait|Waterfall|p2a: Golett
|-supereffective|p2a: Golett
|-damage|p2a: Golett|0 fnt
|faint|p2a: Golett
|
|-ability|p1a: Shark Bait|Speed Boost|boost
|-boost|p1a: Shark Bait|spe|1
|upkeep
|
|t:|1637297560
|switch|p2a: Abra|Abra, L5, F, shiny|100/100
|turn|9
|
|t:|1637297568
|move|p1a: Shark Bait|Crunch|p2a: Abra
|-supereffective|p2a: Abra
|-damage|p2a: Abra|0 fnt
|faint|p2a: Abra
|
|-ability|p1a: Shark Bait|Speed Boost|boost
|-boost|p1a: Shark Bait|spe|1
|upkeep
|
|t:|1637297575
|switch|p2a: Lord Helix|Omanyte, L5, F, shiny|100/100
|turn|10
|
|t:|1637297581
|move|p1a: Shark Bait|Waterfall|p2a: Lord Helix
|-damage|p2a: Lord Helix|57/100
|cant|p2a: Lord Helix|flinch
|
|-ability|p1a: Shark Bait|Speed Boost|boost
|-boost|p1a: Shark Bait|spe|1
|upkeep
|turn|11
|
|t:|1637297593
|move|p1a: Shark Bait|Crunch|p2a: Lord Helix
|-damage|p2a: Lord Helix|5/100
|move|p2a: Lord Helix|Substitute|p2a: Lord Helix
|-fail|p2a: Lord Helix|move: Substitute|[weak]
|
|upkeep
|turn|12
|
|t:|1637297604
|move|p1a: Shark Bait|Crunch|p2a: Lord Helix
|-damage|p2a: Lord Helix|0 fnt
|faint|p2a: Lord Helix
|
|win|Erowastaken
