|j|☆TopLel TopKek
|j|☆Cubic_Skunk
|inactive|Battle timer is ON: inactive players will automatically lose when time's up.
|t:|1634951224
|gametype|singles
|player|p1|TopLel TopKek|falkner|
|player|p2|Cubic_Skunk|n|
|teamsize|p1|6
|teamsize|p2|6
|gen|5
|tier|[Gen 5] UU
|rated|Tournament battle
|rule|Species Clause: Limit one of each Pokémon
|rule|OHKO Clause: OHKO moves are banned
|rule|Moody Clause: Moody is banned
|rule|Evasion Moves Clause: Evasion moves are banned
|rule|Endless Battle Clause: Forcing endless battles is banned
|rule|HP Percentage Mod: HP is shown in percentages
|rule|Evasion Abilities Clause: Evasion abilities are banned
|rule|Baton Pass Clause: Limit one Baton Passer, can't pass Spe and other stats simultaneously
|rule|Swagger Clause: Swagger is banned
|rule|Sleep Clause Mod: Limit one foe put to sleep
|clearpoke
|poke|p1|Victini|item
|poke|p1|Blastoise, M|item
|poke|p1|Nidoqueen, F|item
|poke|p1|Raikou|item
|poke|p1|Bronzong|item
|poke|p1|Heracross, F|item
|poke|p2|Meloetta|item
|poke|p2|Blastoise, M|item
|poke|p2|Rhyperior, M|item
|poke|p2|Victini|item
|poke|p2|Zapdos|item
|poke|p2|Cobalion|item
|teampreview
|j| Angry Dratini
|
|t:|1634951247
|start
|switch|p1a: Nidoqueen|Nidoqueen, F|100/100
|switch|p2a: Rhyperior|Rhyperior, M|100/100
|turn|1
|
|t:|1634951251
|switch|p1a: Bronzong|Bronzong|100/100
|move|p2a: Rhyperior|Earthquake|p1a: Bronzong
|-immune|p1a: Bronzong|[from] ability: Levitate
|
|upkeep
|turn|2
|
|t:|1634951253
|move|p2a: Rhyperior|Stealth Rock|p1a: Bronzong
|-sidestart|p1: TopLel TopKek|move: Stealth Rock
|move|p1a: Bronzong|Stealth Rock|p2a: Rhyperior
|-sidestart|p2: Cubic_Skunk|move: Stealth Rock
|
|upkeep
|turn|3
|
|t:|1634951264
|switch|p2a: Blastoise|Blastoise, M|100/100
|-damage|p2a: Blastoise|88/100|[from] Stealth Rock
|move|p1a: Bronzong|Toxic|p2a: Blastoise
|-status|p2a: Blastoise|tox
|
|-heal|p2a: Blastoise|94/100 tox|[from] item: Leftovers
|-damage|p2a: Blastoise|88/100 tox|[from] psn
|upkeep
|turn|4
|
|t:|1634951267
|move|p1a: Bronzong|Protect|p1a: Bronzong
|-singleturn|p1a: Bronzong|Protect
|move|p2a: Blastoise|Refresh|p2a: Blastoise
|-curestatus|p2a: Blastoise|tox|[msg]
|
|-heal|p2a: Blastoise|94/100|[from] item: Leftovers
|upkeep
|turn|5
|
|t:|1634951273
|switch|p1a: Blastoise|Blastoise, M|100/100
|-damage|p1a: Blastoise|88/100|[from] Stealth Rock
|move|p2a: Blastoise|Rapid Spin|p1a: Blastoise
|-damage|p1a: Blastoise|86/100
|-sideend|p2: Cubic_Skunk|Stealth Rock|[from] move: Rapid Spin|[of] p2a: Blastoise
|
|-heal|p1a: Blastoise|92/100|[from] item: Leftovers
|-heal|p2a: Blastoise|99/100|[from] item: Leftovers
|upkeep
|turn|6
|
|t:|1634951276
|move|p1a: Blastoise|Rapid Spin|p2a: Blastoise
|-damage|p2a: Blastoise|98/100
|-sideend|p1: TopLel TopKek|Stealth Rock|[from] move: Rapid Spin|[of] p1a: Blastoise
|move|p2a: Blastoise|Toxic|p1a: Blastoise
|-status|p1a: Blastoise|tox
|
|-heal|p1a: Blastoise|98/100 tox|[from] item: Leftovers
|-heal|p2a: Blastoise|100/100|[from] item: Leftovers
|-damage|p1a: Blastoise|92/100 tox|[from] psn
|upkeep
|turn|7
|
|t:|1634951289
|switch|p2a: Zapdos|Zapdos|100/100
|-ability|p2a: Zapdos|Pressure
|move|p1a: Blastoise|Toxic|p2a: Zapdos
|-status|p2a: Zapdos|tox
|
|-heal|p1a: Blastoise|98/100 tox|[from] item: Leftovers
|-damage|p2a: Zapdos|94/100 tox|[from] psn
|-damage|p1a: Blastoise|86/100 tox|[from] psn
|upkeep
|turn|8
|
|t:|1634951294
|switch|p1a: Raikou|Raikou|100/100
|-ability|p1a: Raikou|Pressure
|move|p2a: Zapdos|Discharge|p1a: Raikou
|-resisted|p1a: Raikou
|-damage|p1a: Raikou|84/100
|-status|p1a: Raikou|par
|
|-heal|p2a: Zapdos|100/100 tox|[from] item: Leftovers
|-heal|p1a: Raikou|90/100 par|[from] item: Leftovers
|-damage|p2a: Zapdos|88/100 tox|[from] psn
|upkeep
|turn|9
|
|t:|1634951304
|switch|p2a: Rhyperior|Rhyperior, M|100/100
|move|p1a: Raikou|Substitute|p1a: Raikou
|-start|p1a: Raikou|Substitute
|-damage|p1a: Raikou|65/100 par
|
|-heal|p1a: Raikou|71/100 par|[from] item: Leftovers
|upkeep
|turn|10
|
|t:|1634951309
|move|p2a: Rhyperior|Earthquake|p1a: Raikou
|-supereffective|p1a: Raikou
|-end|p1a: Raikou|Substitute
|move|p1a: Raikou|Hidden Power|p2a: Rhyperior
|-supereffective|p2a: Rhyperior
|-damage|p2a: Rhyperior|71/100
|
|-heal|p2a: Rhyperior|77/100|[from] item: Leftovers
|-heal|p1a: Raikou|77/100 par|[from] item: Leftovers
|upkeep
|turn|11
|j| Lythic
|
|t:|1634951317
|switch|p1a: Bronzong|Bronzong|100/100
|move|p2a: Rhyperior|Rock Blast|p1a: Bronzong|[miss]
|-miss|p2a: Rhyperior|p1a: Bronzong
|
|-heal|p2a: Rhyperior|84/100|[from] item: Leftovers
|upkeep
|turn|12
|j| ijustwannaplay1
|
|t:|1634951324
|switch|p2a: Victini|Victini|100/100
|move|p1a: Bronzong|Toxic|p2a: Victini|[miss]
|-miss|p1a: Bronzong|p2a: Victini
|
|upkeep
|turn|13
|c|☆TopLel TopKek|nice
|l| Lythic
|
|t:|1634951341
|switch|p1a: Blastoise|Blastoise, M|86/100 tox
|move|p2a: Victini|U-turn|p1a: Blastoise
|-crit|p1a: Blastoise
|-damage|p1a: Blastoise|56/100 tox
|
|t:|1634951344
|switch|p2a: Zapdos|Zapdos|88/100 tox|[from]move: U-turn
|-ability|p2a: Zapdos|Pressure
|
|-heal|p2a: Zapdos|94/100 tox|[from] item: Leftovers
|-heal|p1a: Blastoise|62/100 tox|[from] item: Leftovers
|-damage|p2a: Zapdos|88/100 tox|[from] psn
|-damage|p1a: Blastoise|56/100 tox|[from] psn
|upkeep
|turn|14
|
|t:|1634951347
|switch|p1a: Raikou|Raikou|77/100 par
|-ability|p1a: Raikou|Pressure
|move|p2a: Zapdos|Discharge|p1a: Raikou
|-resisted|p1a: Raikou
|-damage|p1a: Raikou|59/100 par
|
|-heal|p2a: Zapdos|94/100 tox|[from] item: Leftovers
|-heal|p1a: Raikou|65/100 par|[from] item: Leftovers
|-damage|p2a: Zapdos|82/100 tox|[from] psn
|upkeep
|turn|15
|
|t:|1634951351
|switch|p2a: Victini|Victini|100/100
|move|p1a: Raikou|Hidden Power|p2a: Victini
|-resisted|p2a: Victini
|-damage|p2a: Victini|88/100
|
|-heal|p1a: Raikou|71/100 par|[from] item: Leftovers
|upkeep
|turn|16
|
|t:|1634951355
|switch|p1a: Nidoqueen|Nidoqueen, F|100/100
|move|p2a: Victini|Bolt Strike|p1a: Nidoqueen
|-immune|p1a: Nidoqueen
|
|upkeep
|turn|17
|
|t:|1634951365
|switch|p2a: Rhyperior|Rhyperior, M|84/100
|move|p1a: Nidoqueen|Earth Power|p2a: Rhyperior
|-supereffective|p2a: Rhyperior
|-damage|p2a: Rhyperior|43/100
|
|-heal|p2a: Rhyperior|49/100|[from] item: Leftovers
|upkeep
|turn|18
|
|t:|1634951384
|move|p1a: Nidoqueen|Taunt|p2a: Rhyperior
|-start|p2a: Rhyperior|move: Taunt
|move|p2a: Rhyperior|Earthquake|p1a: Nidoqueen
|-supereffective|p1a: Nidoqueen
|-damage|p1a: Nidoqueen|29/100
|
|-heal|p1a: Nidoqueen|35/100|[from] item: Black Sludge
|-heal|p2a: Rhyperior|55/100|[from] item: Leftovers
|upkeep
|turn|19
|
|t:|1634951388
|switch|p1a: Bronzong|Bronzong|100/100
|move|p2a: Rhyperior|Earthquake|p1a: Bronzong
|-immune|p1a: Bronzong|[from] ability: Levitate
|
|-heal|p2a: Rhyperior|61/100|[from] item: Leftovers
|upkeep
|turn|20
|
|t:|1634951394
|switch|p2a: Zapdos|Zapdos|82/100 tox
|-ability|p2a: Zapdos|Pressure
|move|p1a: Bronzong|Stealth Rock|p2a: Zapdos
|-sidestart|p2: Cubic_Skunk|move: Stealth Rock
|
|-heal|p2a: Zapdos|88/100 tox|[from] item: Leftovers
|-damage|p2a: Zapdos|82/100 tox|[from] psn
|upkeep
|turn|21
|
|t:|1634951400
|switch|p1a: Raikou|Raikou|71/100 par
|-ability|p1a: Raikou|Pressure
|move|p2a: Zapdos|Heat Wave|p1a: Raikou
|-damage|p1a: Raikou|43/100 par
|
|-heal|p2a: Zapdos|88/100 tox|[from] item: Leftovers
|-heal|p1a: Raikou|49/100 par|[from] item: Leftovers
|-damage|p2a: Zapdos|76/100 tox|[from] psn
|upkeep
|turn|22
|
|t:|1634951419
|switch|p1a: Heracross|Heracross, F|100/100
|move|p2a: Zapdos|Heat Wave|p1a: Heracross
|-supereffective|p1a: Heracross
|-damage|p1a: Heracross|31/100
|
|-heal|p2a: Zapdos|82/100 tox|[from] item: Leftovers
|-damage|p2a: Zapdos|64/100 tox|[from] psn
|upkeep
|turn|23
|
|t:|1634951433
|switch|p1a: Victini|Victini|100/100
|move|p2a: Zapdos|Heat Wave|p1a: Victini|[miss]
|-miss|p2a: Zapdos|p1a: Victini
|
|-heal|p2a: Zapdos|70/100 tox|[from] item: Leftovers
|-damage|p2a: Zapdos|46/100 tox|[from] psn
|upkeep
|turn|24
|
|t:|1634951441
|move|p1a: Victini|U-turn|p2a: Zapdos
|-resisted|p2a: Zapdos
|-damage|p2a: Zapdos|37/100 tox
|
|t:|1634951444
|switch|p1a: Nidoqueen|Nidoqueen, F|35/100|[from]move: U-turn
|move|p2a: Zapdos|Discharge|p1a: Nidoqueen
|-immune|p1a: Nidoqueen
|
|-heal|p2a: Zapdos|43/100 tox|[from] item: Leftovers
|-heal|p1a: Nidoqueen|41/100|[from] item: Black Sludge
|-damage|p2a: Zapdos|13/100 tox|[from] psn
|upkeep
|turn|25
|
|t:|1634951451
|switch|p2a: Blastoise|Blastoise, M|100/100
|-damage|p2a: Blastoise|88/100|[from] Stealth Rock
|switch|p1a: Victini|Victini|100/100
|
|-heal|p2a: Blastoise|94/100|[from] item: Leftovers
|upkeep
|turn|26
|
|t:|1634951454
|move|p1a: Victini|Bolt Strike|p2a: Blastoise
|-supereffective|p2a: Blastoise
|-damage|p2a: Blastoise|45/100
|move|p2a: Blastoise|Scald|p1a: Victini
|-supereffective|p1a: Victini
|-damage|p1a: Victini|55/100
|
|-heal|p2a: Blastoise|51/100|[from] item: Leftovers
|upkeep
|turn|27
|
|t:|1634951460
|move|p1a: Victini|Bolt Strike|p2a: Blastoise
|-supereffective|p2a: Blastoise
|-damage|p2a: Blastoise|4/100
|move|p2a: Blastoise|Rapid Spin|p1a: Victini
|-damage|p1a: Victini|52/100
|-sideend|p2: Cubic_Skunk|Stealth Rock|[from] move: Rapid Spin|[of] p2a: Blastoise
|
|-heal|p2a: Blastoise|10/100|[from] item: Leftovers
|upkeep
|turn|28
|j|@susciety
|
|t:|1634951469
|switch|p1a: Heracross|Heracross, F|31/100
|switch|p2a: Rhyperior|Rhyperior, M|61/100
|
|-heal|p2a: Rhyperior|68/100|[from] item: Leftovers
|upkeep
|turn|29
|
|t:|1634951473
|move|p1a: Heracross|Close Combat|p2a: Rhyperior
|-supereffective|p2a: Rhyperior
|-damage|p2a: Rhyperior|0 fnt
|-unboost|p1a: Heracross|def|1
|-unboost|p1a: Heracross|spd|1
|faint|p2a: Rhyperior
|
|upkeep
|
|t:|1634951475
|switch|p2a: Victini|Victini|88/100
|turn|30
|
|t:|1634951481
|switch|p1a: Bronzong|Bronzong|100/100
|move|p2a: Victini|Bolt Strike|p1a: Bronzong
|-damage|p1a: Bronzong|66/100
|
|-heal|p1a: Bronzong|72/100|[from] item: Leftovers
|upkeep
|turn|31
|j| RageATMagearna
|
|t:|1634951492
|switch|p2a: Blastoise|Blastoise, M|10/100
|move|p1a: Bronzong|Stealth Rock|p2a: Blastoise
|-sidestart|p2: Cubic_Skunk|move: Stealth Rock
|
|-heal|p2a: Blastoise|16/100|[from] item: Leftovers
|-heal|p1a: Bronzong|79/100|[from] item: Leftovers
|upkeep
|turn|32
|
|t:|1634951498
|switch|p1a: Raikou|Raikou|49/100 par
|-ability|p1a: Raikou|Pressure
|move|p2a: Blastoise|Rapid Spin|p1a: Raikou
|-damage|p1a: Raikou|45/100 par
|-sideend|p2: Cubic_Skunk|Stealth Rock|[from] move: Rapid Spin|[of] p2a: Blastoise
|
|-heal|p2a: Blastoise|22/100|[from] item: Leftovers
|-heal|p1a: Raikou|52/100 par|[from] item: Leftovers
|upkeep
|turn|33
|
|t:|1634951505
|switch|p2a: Cobalion|Cobalion|100/100
|move|p1a: Raikou|Thunderbolt|p2a: Cobalion
|-damage|p2a: Cobalion|41/100
|
|-heal|p1a: Raikou|58/100 par|[from] item: Leftovers
|upkeep
|turn|34
|
|t:|1634951516
|switch|p1a: Bronzong|Bronzong|79/100
|move|p2a: Cobalion|Swords Dance|p2a: Cobalion
|-boost|p2a: Cobalion|atk|2
|
|-heal|p1a: Bronzong|85/100|[from] item: Leftovers
|upkeep
|turn|35
|
|t:|1634951521
|move|p2a: Cobalion|Close Combat|p1a: Bronzong
|-damage|p1a: Bronzong|3/100
|-unboost|p2a: Cobalion|def|1
|-unboost|p2a: Cobalion|spd|1
|move|p1a: Bronzong|Earthquake|p2a: Cobalion
|-supereffective|p2a: Cobalion
|-damage|p2a: Cobalion|0 fnt
|faint|p2a: Cobalion
|
|-heal|p1a: Bronzong|9/100|[from] item: Leftovers
|upkeep
|
|t:|1634951525
|switch|p2a: Victini|Victini|88/100
|turn|36
|
|t:|1634951527
|move|p1a: Bronzong|Protect|p1a: Bronzong
|-singleturn|p1a: Bronzong|Protect
|move|p2a: Victini|U-turn|p1a: Bronzong
|-activate|p1a: Bronzong|move: Protect
|
|-heal|p1a: Bronzong|15/100|[from] item: Leftovers
|upkeep
|turn|37
|
|t:|1634951555
|switch|p1a: Victini|Victini|52/100
|move|p2a: Victini|U-turn|p1a: Victini
|-damage|p1a: Victini|32/100
|
|t:|1634951562
|switch|p2a: Zapdos|Zapdos|13/100 tox|[from]move: U-turn
|-ability|p2a: Zapdos|Pressure
|
|-heal|p2a: Zapdos|19/100 tox|[from] item: Leftovers
|-damage|p2a: Zapdos|13/100 tox|[from] psn
|upkeep
|turn|38
|
|t:|1634951568
|move|p1a: Victini|Bolt Strike|p2a: Zapdos
|-damage|p2a: Zapdos|0 fnt
|faint|p2a: Zapdos
|
|upkeep
|
|t:|1634951571
|switch|p2a: Victini|Victini|88/100
|turn|39
|
|t:|1634951583
|switch|p1a: Bronzong|Bronzong|15/100
|move|p2a: Victini|V-create|p1a: Bronzong
|-supereffective|p1a: Bronzong
|-damage|p1a: Bronzong|0 fnt
|-unboost|p2a: Victini|spe|1
|-unboost|p2a: Victini|def|1
|-unboost|p2a: Victini|spd|1
|faint|p1a: Bronzong
|
|upkeep
|
|t:|1634951595
|switch|p1a: Nidoqueen|Nidoqueen, F|41/100
|turn|40
|
|t:|1634951599
|move|p2a: Victini|V-create|p1a: Nidoqueen
|-damage|p1a: Nidoqueen|0 fnt
|-unboost|p2a: Victini|spe|1
|-unboost|p2a: Victini|def|1
|-unboost|p2a: Victini|spd|1
|faint|p1a: Nidoqueen
|
|upkeep
|
|t:|1634951611
|switch|p1a: Victini|Victini|32/100
|turn|41
|
|t:|1634951614
|switch|p2a: Blastoise|Blastoise, M|22/100
|move|p1a: Victini|Bolt Strike|p2a: Blastoise
|-supereffective|p2a: Blastoise
|-damage|p2a: Blastoise|0 fnt
|faint|p2a: Blastoise
|
|upkeep
|
|t:|1634951619
|switch|p2a: Victini|Victini|88/100
|turn|42
|inactive|TopLel TopKek has 120 seconds left.
|
|t:|1634951651
|switch|p1a: Heracross|Heracross, F|31/100
|move|p2a: Victini|Bolt Strike|p1a: Heracross
|-damage|p1a: Heracross|0 fnt
|faint|p1a: Heracross
|
|upkeep
|
|t:|1634951656
|switch|p1a: Raikou|Raikou|58/100 par
|-ability|p1a: Raikou|Pressure
|turn|43
|
|t:|1634951666
|switch|p2a: Meloetta|Meloetta|100/100
|move|p1a: Raikou|Substitute|p1a: Raikou
|-start|p1a: Raikou|Substitute
|-damage|p1a: Raikou|33/100 par
|
|-heal|p1a: Raikou|39/100 par|[from] item: Leftovers
|upkeep
|turn|44
|
|t:|1634951671
|move|p2a: Meloetta|Shadow Ball|p1a: Raikou
|-end|p1a: Raikou|Substitute
|move|p1a: Raikou|Thunderbolt|p2a: Meloetta
|-damage|p2a: Meloetta|64/100
|
|-heal|p1a: Raikou|45/100 par|[from] item: Leftovers
|upkeep
|turn|45
|
|t:|1634951677
|move|p2a: Meloetta|Shadow Ball|p1a: Raikou
|-damage|p1a: Raikou|0 fnt
|faint|p1a: Raikou
|
|upkeep
|
|t:|1634951686
|switch|p1a: Victini|Victini|32/100
|turn|46
|
|t:|1634951688
|move|p1a: Victini|V-create|p2a: Meloetta
|-damage|p2a: Meloetta|0 fnt
|-unboost|p1a: Victini|spe|1
|-unboost|p1a: Victini|def|1
|-unboost|p1a: Victini|spd|1
|faint|p2a: Meloetta
|
|upkeep
|
|t:|1634951690
|switch|p2a: Victini|Victini|88/100
|turn|47
|
|t:|1634951697
|move|p2a: Victini|Bolt Strike|p1a: Victini
|-damage|p1a: Victini|0 fnt
|faint|p1a: Victini
|
|upkeep
|c|☆TopLel TopKek|bah
|c|☆TopLel TopKek|the tie, the para, you go everything
|inactive|TopLel TopKek has 120 seconds left.
|c|☆TopLel TopKek|the toxic miss
|c|☆TopLel TopKek|..
|l| RageATMagearna
|
|t:|1634951741
|switch|p1a: Blastoise|Blastoise, M|56/100 tox
|turn|48
|
|t:|1634951754
|move|p2a: Victini|Bolt Strike|p1a: Blastoise
|-supereffective|p1a: Blastoise
|-damage|p1a: Blastoise|0 fnt
|faint|p1a: Blastoise
|
|win|Cubic_Skunk
|n|☆TopLel TopKek|topleltopkek
|n|☆Cubic_Skunk|cubicskunk
|n| Angry Dratini|angrydratini
|n| ijustwannaplay1|ijustwannaplay1
|n| susciety|susciety
|c|☆Cubic_Skunk|gg
|l|☆Cubic_Skunk
