|j|☆xbossarux
|j|☆meri berry❧
|t:|1639102700
|gametype|singles
|player|p1|xbossarux|gambler|
|player|p2|meri berry❧|#scl1platoon|
|teamsize|p1|6
|teamsize|p2|6
|gen|5
|tier|[Gen 5] NU
|rated|Tournament battle
|rule|Species Clause: Limit one of each Pokémon
|rule|OHKO Clause: OHKO moves are banned
|rule|Moody Clause: Moody is banned
|rule|Evasion Moves Clause: Evasion moves are banned
|rule|Endless Battle Clause: Forcing endless battles is banned
|rule|HP Percentage Mod: HP is shown in percentages
|rule|Evasion Abilities Clause: Evasion abilities are banned
|rule|Swagger Clause: Swagger is banned
|rule|Baton Pass Clause: Limit one Baton Passer, can't pass Spe and other stats simultaneously
|rule|Sleep Clause Mod: Limit one foe put to sleep
|clearpoke
|poke|p1|Serperior, F|item
|poke|p1|Samurott, M|item
|poke|p1|Rotom-Fan|item
|poke|p1|Garbodor, F|item
|poke|p1|Charizard, F|item
|poke|p1|Braviary, M|item
|poke|p2|Garbodor, F|item
|poke|p2|Seismitoad, F|item
|poke|p2|Primeape, F|item
|poke|p2|Haunter, F|item
|poke|p2|Eelektross, F|item
|poke|p2|Shiftry, F|item
|teampreview
|j|*BB-8-NU
|j|@Oathkeeper
|j|+Lucario•1582
|
|t:|1639102713
|start
|switch|p1a: Rotom|Rotom-Fan|100/100
|switch|p2a: Eelektross|Eelektross, F|100/100
|turn|1
|
|t:|1639102720
|move|p1a: Rotom|Air Slash|p2a: Eelektross
|-resisted|p2a: Eelektross
|-damage|p2a: Eelektross|69/100
|move|p2a: Eelektross|Thunderbolt|p1a: Rotom
|-damage|p1a: Rotom|40/100
|
|upkeep
|turn|2
|
|t:|1639102727
|move|p1a: Rotom|Air Slash|p2a: Eelektross
|-resisted|p2a: Eelektross
|-damage|p2a: Eelektross|37/100
|move|p2a: Eelektross|Thunderbolt|p1a: Rotom
|-damage|p1a: Rotom|0 fnt
|faint|p1a: Rotom
|
|upkeep
|j| Togkey
|j|#poh
|
|t:|1639102742
|switch|p1a: Braviary|Braviary, M|100/100
|turn|3
|j| OranBerryBlissey10
|j| SilverQuillian
|
|t:|1639102780
|move|p1a: Braviary|Return|p2a: Eelektross
|-damage|p2a: Eelektross|0 fnt
|faint|p2a: Eelektross
|
|upkeep
|inactive|Battle timer is ON: inactive players will automatically lose when time's up. (requested by xbossarux)
|l| SilverQuillian
|
|t:|1639102787
|switch|p2a: Garbodor|Garbodor, F|100/100
|turn|4
|
|t:|1639102799
|move|p1a: Braviary|Brave Bird|p2a: Garbodor
|-enditem|p1a: Braviary|Flying Gem|[from] gem
|-damage|p2a: Garbodor|29/100
|-damage|p1a: Braviary|84/100|[from] item: Rocky Helmet|[of] p2a: Garbodor
|-damage|p1a: Braviary|59/100|[from] Recoil
|move|p2a: Garbodor|Pain Split|p1a: Braviary
|-sethp|p1a: Braviary|45/100|[from] move: Pain Split|[silent]
|-sethp|p2a: Garbodor|42/100|[from] move: Pain Split
|
|upkeep
|turn|5
|j| SilverQuillian
|
|t:|1639102809
|move|p1a: Braviary|Bulk Up|p1a: Braviary
|-boost|p1a: Braviary|atk|1
|-boost|p1a: Braviary|def|1
|move|p2a: Garbodor|Spikes|p1a: Braviary
|-sidestart|p1: xbossarux|Spikes
|
|upkeep
|turn|6
|
|t:|1639102833
|move|p1a: Braviary|Roost|p1a: Braviary
|-heal|p1a: Braviary|95/100
|-singleturn|p1a: Braviary|move: Roost
|move|p2a: Garbodor|Spikes|p1a: Braviary
|-sidestart|p1: xbossarux|Spikes
|
|upkeep
|turn|7
|
|t:|1639102845
|move|p1a: Braviary|Return|p2a: Garbodor
|-damage|p2a: Garbodor|0 fnt
|-damage|p1a: Braviary|70/100|[from] ability: Aftermath|[of] p2a: Garbodor
|-damage|p1a: Braviary|53/100|[from] item: Rocky Helmet|[of] p2a: Garbodor
|faint|p2a: Garbodor
|
|upkeep
|
|t:|1639102846
|switch|p2a: Haunter|Haunter, F|100/100
|turn|8
|
|t:|1639102857
|move|p2a: Haunter|Thunderbolt|p1a: Braviary
|-supereffective|p1a: Braviary
|-damage|p1a: Braviary|0 fnt
|faint|p1a: Braviary
|-damage|p2a: Haunter|91/100|[from] item: Life Orb
|
|upkeep
|j| Ninja
|
|t:|1639102868
|switch|p1a: Serperior|Serperior, F|100/100
|-damage|p1a: Serperior|84/100|[from] Spikes
|turn|9
|
|t:|1639102875
|move|p1a: Serperior|Glare|p2a: Haunter
|-status|p2a: Haunter|par
|move|p2a: Haunter|Sludge Bomb|p1a: Serperior
|-supereffective|p1a: Serperior
|-damage|p1a: Serperior|0 fnt
|faint|p1a: Serperior
|-damage|p2a: Haunter|81/100 par|[from] item: Life Orb
|
|upkeep
|j| liiw
|c|#poh|bruh
|
|t:|1639102885
|switch|p1a: Charizard|Charizard, F|100/100
|turn|10
|l| Ninja
|inactive|meri berry❧ has 120 seconds left.
|
|t:|1639102915
|move|p1a: Charizard|Air Slash|p2a: Haunter|[miss]
|-miss|p1a: Charizard|p2a: Haunter
|move|p2a: Haunter|Thunderbolt|p1a: Charizard
|-supereffective|p1a: Charizard
|-damage|p1a: Charizard|0 fnt
|faint|p1a: Charizard
|-damage|p2a: Haunter|71/100 par|[from] item: Life Orb
|
|upkeep
|
|t:|1639102924
|switch|p1a: Samurott|Samurott, M|100/100
|-damage|p1a: Samurott|84/100|[from] Spikes
|turn|11
|
|t:|1639102929
|move|p1a: Samurott|Aqua Jet|p2a: Haunter
|-damage|p2a: Haunter|19/100 par
|move|p2a: Haunter|Thunderbolt|p1a: Samurott
|-supereffective|p1a: Samurott
|-damage|p1a: Samurott|0 fnt
|faint|p1a: Samurott
|-damage|p2a: Haunter|9/100 par|[from] item: Life Orb
|
|upkeep
|
|t:|1639102937
|switch|p1a: Garbodor|Garbodor, F|100/100
|-damage|p1a: Garbodor|84/100|[from] Spikes
|turn|12
|l|#poh
|
|t:|1639102943
|move|p1a: Garbodor|Toxic Spikes|p2a: Haunter
|-sidestart|p2: meri berry❧|move: Toxic Spikes
|move|p2a: Haunter|Destiny Bond|p2a: Haunter
|-singlemove|p2a: Haunter|Destiny Bond
|
|upkeep
|turn|13
|
|t:|1639102950
|move|p1a: Garbodor|Spikes|p2a: Haunter
|-sidestart|p2: meri berry❧|Spikes
|move|p2a: Haunter|Shadow Ball|p1a: Garbodor
|-damage|p1a: Garbodor|34/100
|-damage|p2a: Haunter|0 fnt|[from] item: Life Orb
|faint|p2a: Haunter
|
|upkeep
|
|t:|1639102955
|switch|p2a: Seismitoad|Seismitoad, F|100/100
|-damage|p2a: Seismitoad|88/100|[from] Spikes
|-status|p2a: Seismitoad|psn
|turn|14
|
|t:|1639102961
|move|p1a: Garbodor|Explosion|p2a: Seismitoad
|-damage|p2a: Seismitoad|26/100 psn
|faint|p1a: Garbodor
|
|win|meri berry❧
|n|☆xbossarux|xbossarux
|n|☆meri berry❧|meriberry
|n| BB-8-NU|bb8nu
|n|+Oathkeeper|oathkeeper
|n| Lucario•1582|lucario1582
|n| Togkey|togkey
|n| OranBerryBlissey10|oranberryblissey10
|n| SilverQuillian|silverquillian
|n| liiw|liiw
|l| BB-8-NU
|l|+Oathkeeper
|l| OranBerryBlissey10
