|j|☆TopLel TopKek
|j|☆quziel
|t:|1636159815
|gametype|singles
|player|p1|TopLel TopKek|falkner|
|player|p2|quziel|grimsley|
|teamsize|p1|6
|teamsize|p2|6
|gen|5
|tier|[Gen 5] NU
|rated|Tournament battle
|rule|Species Clause: Limit one of each Pokémon
|rule|OHKO Clause: OHKO moves are banned
|rule|Moody Clause: Moody is banned
|rule|Evasion Moves Clause: Evasion moves are banned
|rule|Endless Battle Clause: Forcing endless battles is banned
|rule|HP Percentage Mod: HP is shown in percentages
|rule|Evasion Abilities Clause: Evasion abilities are banned
|rule|Baton Pass Clause: Limit one Baton Passer, can't pass Spe and other stats simultaneously
|rule|Swagger Clause: Swagger is banned
|rule|Sleep Clause Mod: Limit one foe put to sleep
|clearpoke
|poke|p1|Charizard, F|item
|poke|p1|Samurott, F|item
|poke|p1|Golem, F|item
|poke|p1|Cacturne, F|item
|poke|p1|Alomomola, M|item
|poke|p1|Golurk|item
|poke|p2|Solrock|mail
|poke|p2|Seismitoad, F|item
|poke|p2|Golbat, M|item
|poke|p2|Electrode|item
|poke|p2|Sawk, M|item
|poke|p2|Shiftry, M|item
|teampreview
|c|☆quziel|glhf
|c|☆TopLel TopKek|same
|j|+spoo
|j| Yathze
|
|t:|1636159833
|start
|switch|p1a: Cacturne|Cacturne, F|100/100
|switch|p2a: Electrode|Electrode|100/100
|turn|1
|
|t:|1636159840
|move|p2a: Electrode|Signal Beam|p1a: Cacturne
|-supereffective|p1a: Cacturne
|-damage|p1a: Cacturne|0 fnt
|faint|p1a: Cacturne
|-damage|p2a: Electrode|91/100|[from] item: Life Orb
|
|upkeep
|
|t:|1636159843
|switch|p1a: Golurk|Golurk|100/100
|turn|2
|j| zngtt
|j|+Estronic
|
|t:|1636159854
|move|p2a: Electrode|Hidden Power|p1a: Golurk
|-supereffective|p1a: Golurk
|-damage|p1a: Golurk|46/100
|-damage|p2a: Electrode|81/100|[from] item: Life Orb
|move|p1a: Golurk|Shadow Punch|p2a: Electrode
|-damage|p2a: Electrode|0 fnt
|-damage|p1a: Golurk|21/100|[from] ability: Aftermath|[of] p2a: Electrode
|faint|p2a: Electrode
|
|upkeep
|
|t:|1636159858
|switch|p2a: Seismitoad|Seismitoad, F|100/100
|turn|3
|j| a1012
|
|t:|1636159870
|switch|p1a: Alomomola|Alomomola, M|100/100
|move|p2a: Seismitoad|Earth Power|p1a: Alomomola
|-damage|p1a: Alomomola|66/100
|-unboost|p1a: Alomomola|spd|1
|
|-heal|p1a: Alomomola|72/100|[from] item: Leftovers
|upkeep
|turn|4
|j| PMMDP
|
|t:|1636159875
|switch|p2a: Solrock|Solrock|100/100
|move|p1a: Alomomola|Toxic|p2a: Solrock
|-status|p2a: Solrock|tox
|
|-heal|p1a: Alomomola|78/100|[from] item: Leftovers
|-damage|p2a: Solrock|94/100 tox|[from] psn
|upkeep
|turn|5
|
|t:|1636159879
|move|p2a: Solrock|Stealth Rock|p1a: Alomomola
|-sidestart|p1: TopLel TopKek|move: Stealth Rock
|move|p1a: Alomomola|Wish|p1a: Alomomola
|
|-heal|p1a: Alomomola|85/100|[from] item: Leftovers
|-damage|p2a: Solrock|82/100 tox|[from] psn
|upkeep
|turn|6
|
|t:|1636159887
|switch|p1a: Golem|Golem, F|100/100
|-damage|p1a: Golem|95/100|[from] Stealth Rock
|move|p2a: Solrock|Cosmic Power|p2a: Solrock
|-boost|p2a: Solrock|def|1
|-boost|p2a: Solrock|spd|1
|
|-heal|p1a: Golem|100/100|[from] move: Wish|[wisher] Alomomola
|-damage|p2a: Solrock|64/100 tox|[from] psn
|upkeep
|turn|7
|
|t:|1636159895
|move|p2a: Solrock|Earthquake|p1a: Golem
|-supereffective|p1a: Golem
|-damage|p1a: Golem|66/100
|move|p1a: Golem|Stealth Rock|p2a: Solrock
|-sidestart|p2: quziel|move: Stealth Rock
|
|-heal|p1a: Golem|72/100|[from] item: Leftovers
|-damage|p2a: Solrock|39/100 tox|[from] psn
|upkeep
|turn|8
|
|t:|1636159899
|switch|p1a: Alomomola|Alomomola, M|100/100
|-damage|p1a: Alomomola|88/100|[from] Stealth Rock
|move|p2a: Solrock|Baton Pass|p2a: Solrock
|
|t:|1636159900
|switch|p2a: Golbat|Golbat, M|100/100|[from]move: Baton Pass
|-damage|p2a: Golbat|75/100|[from] Stealth Rock
|
|-heal|p1a: Alomomola|94/100|[from] item: Leftovers
|upkeep
|turn|9
|
|t:|1636159905
|move|p2a: Golbat|Nasty Plot|p2a: Golbat
|-boost|p2a: Golbat|spa|2
|move|p1a: Alomomola|Scald|p2a: Golbat
|-damage|p2a: Golbat|66/100
|
|-heal|p1a: Alomomola|100/100|[from] item: Leftovers
|upkeep
|turn|10
|
|t:|1636159908
|move|p2a: Golbat|Giga Drain|p1a: Alomomola
|-supereffective|p1a: Alomomola
|-damage|p1a: Alomomola|31/100
|-heal|p2a: Golbat|100/100|[from] drain|[of] p1a: Alomomola
|move|p1a: Alomomola|Scald|p2a: Golbat
|-crit|p2a: Golbat
|-damage|p2a: Golbat|74/100
|
|-heal|p1a: Alomomola|37/100|[from] item: Leftovers
|upkeep
|turn|11
|
|t:|1636159916
|switch|p1a: Golurk|Golurk|21/100
|-damage|p1a: Golurk|15/100|[from] Stealth Rock
|move|p2a: Golbat|Giga Drain|p1a: Golurk
|-supereffective|p1a: Golurk
|-damage|p1a: Golurk|0 fnt
|-heal|p2a: Golbat|83/100|[from] drain|[of] p1a: Golurk
|faint|p1a: Golurk
|
|upkeep
|
|t:|1636159919
|switch|p1a: Samurott|Samurott, F|100/100
|-damage|p1a: Samurott|88/100|[from] Stealth Rock
|turn|12
|
|t:|1636159925
|move|p2a: Golbat|Giga Drain|p1a: Samurott
|-supereffective|p1a: Samurott
|-damage|p1a: Samurott|14/100
|-heal|p2a: Golbat|100/100|[from] drain|[of] p1a: Samurott
|move|p1a: Samurott|Razor Shell|p2a: Golbat
|-damage|p2a: Golbat|62/100
|
|upkeep
|turn|13
|
|t:|1636159932
|move|p1a: Samurott|Aqua Jet|p2a: Golbat
|-damage|p2a: Golbat|44/100
|move|p2a: Golbat|Giga Drain|p1a: Samurott
|-supereffective|p1a: Samurott
|-damage|p1a: Samurott|0 fnt
|-heal|p2a: Golbat|53/100|[from] drain|[of] p1a: Samurott
|faint|p1a: Samurott
|
|upkeep
|
|t:|1636159936
|switch|p1a: Charizard|Charizard, F|100/100
|-damage|p1a: Charizard|51/100|[from] Stealth Rock
|turn|14
|
|t:|1636159942
|move|p1a: Charizard|Fire Blast|p2a: Golbat
|-damage|p2a: Golbat|0 fnt
|faint|p2a: Golbat
|
|upkeep
|j| deno_nemesis
|
|t:|1636159954
|switch|p2a: Solrock|Solrock|39/100 tox
|-damage|p2a: Solrock|27/100 tox|[from] Stealth Rock
|turn|15
|
|t:|1636159964
|switch|p1a: Alomomola|Alomomola, M|70/100
|-damage|p1a: Alomomola|58/100|[from] Stealth Rock
|move|p2a: Solrock|Cosmic Power|p2a: Solrock
|-boost|p2a: Solrock|def|1
|-boost|p2a: Solrock|spd|1
|
|-heal|p1a: Alomomola|64/100|[from] item: Leftovers
|-damage|p2a: Solrock|21/100 tox|[from] psn
|upkeep
|turn|16
|l|+spoo
|
|t:|1636159972
|move|p2a: Solrock|Baton Pass|p2a: Solrock
|
|t:|1636159973
|switch|p2a: Seismitoad|Seismitoad, F|100/100|[from]move: Baton Pass
|-damage|p2a: Seismitoad|95/100|[from] Stealth Rock
|move|p1a: Alomomola|Toxic|p2a: Seismitoad
|-status|p2a: Seismitoad|tox
|
|-heal|p1a: Alomomola|70/100|[from] item: Leftovers
|-damage|p2a: Seismitoad|89/100 tox|[from] psn
|upkeep
|turn|17
|
|t:|1636159981
|move|p1a: Alomomola|Protect|p1a: Alomomola
|-singleturn|p1a: Alomomola|Protect
|move|p2a: Seismitoad|Earth Power|p1a: Alomomola
|-activate|p1a: Alomomola|move: Protect
|
|-heal|p1a: Alomomola|77/100|[from] item: Leftovers
|-damage|p2a: Seismitoad|77/100 tox|[from] psn
|upkeep
|turn|18
|
|t:|1636159983
|move|p2a: Seismitoad|Earth Power|p1a: Alomomola
|-damage|p1a: Alomomola|41/100
|move|p1a: Alomomola|Wish|p1a: Alomomola
|
|-heal|p1a: Alomomola|48/100|[from] item: Leftovers
|-damage|p2a: Seismitoad|59/100 tox|[from] psn
|upkeep
|turn|19
|
|t:|1636159989
|switch|p2a: Solrock|Solrock|21/100 tox
|-damage|p2a: Solrock|8/100 tox|[from] Stealth Rock
|move|p1a: Alomomola|Protect||[still]
|-fail|p1a: Alomomola
|
|-heal|p1a: Alomomola|97/100|[from] move: Wish|[wisher] Alomomola
|-heal|p1a: Alomomola|100/100|[from] item: Leftovers
|-damage|p2a: Solrock|2/100 tox|[from] psn
|upkeep
|turn|20
|
|t:|1636159993
|move|p2a: Solrock|Earthquake|p1a: Alomomola
|-damage|p1a: Alomomola|88/100
|move|p1a: Alomomola|Wish|p1a: Alomomola
|
|-heal|p1a: Alomomola|94/100|[from] item: Leftovers
|-damage|p2a: Solrock|0 fnt|[from] psn
|faint|p2a: Solrock
|upkeep
|
|t:|1636159995
|switch|p2a: Shiftry|Shiftry, M|100/100
|-damage|p2a: Shiftry|88/100|[from] Stealth Rock
|turn|21
|
|t:|1636159998
|move|p2a: Shiftry|Swords Dance|p2a: Shiftry
|-boost|p2a: Shiftry|atk|2
|move|p1a: Alomomola|Toxic|p2a: Shiftry|[miss]
|-miss|p1a: Alomomola|p2a: Shiftry
|
|-heal|p1a: Alomomola|100/100|[from] move: Wish|[wisher] Alomomola
|upkeep
|turn|22
|
|t:|1636160002
|move|p2a: Shiftry|Seed Bomb|p1a: Alomomola
|-supereffective|p1a: Alomomola
|-damage|p1a: Alomomola|0 fnt
|faint|p1a: Alomomola
|-damage|p2a: Shiftry|78/100|[from] item: Life Orb
|
|upkeep
|-message|TopLel TopKek forfeited.
|
|win|quziel
|n|☆TopLel TopKek|topleltopkek
|n|☆quziel|quziel
|n| Yathze|yathze
|n| zngtt|zngtt
|n|+Estronic|estronic
|n| a1012|a1012
|n| PMMDP|pmmdp
|n| deno_nemesis|denonemesis
|j| smussysmaka
|l|☆TopLel TopKek
|l| a1012
|l| smussysmaka
|j|☆TopLel TopKek
|player|p1|TopLel TopKek|falkner
|l| zngtt
|l|☆quziel
|l| deno_nemesis
|l| Yathze
|l| PMMDP
|l|+Estronic
|l|☆TopLel TopKek
|player|p1|
