|j|☆Senegal
|j|☆TheNordicMan
|t:|1632010554
|gametype|singles
|player|p1|Senegal|169|
|player|p2|TheNordicMan|wallace|
|teamsize|p1|6
|teamsize|p2|6
|gen|5
|tier|[Gen 5] UU
|rated|Tournament battle
|rule|Species Clause: Limit one of each Pokémon
|rule|OHKO Clause: OHKO moves are banned
|rule|Moody Clause: Moody is banned
|rule|Evasion Moves Clause: Evasion moves are banned
|rule|Endless Battle Clause: Forcing endless battles is banned
|rule|HP Percentage Mod: HP is shown in percentages
|rule|Evasion Abilities Clause: Evasion abilities are banned
|rule|Baton Pass Clause: Limit one Baton Passer, can't pass Spe and other stats simultaneously
|rule|Swagger Clause: Swagger is banned
|rule|Sleep Clause Mod: Limit one foe put to sleep
|clearpoke
|poke|p1|Tornadus, M|item
|poke|p1|Rotom-Heat|item
|poke|p1|Qwilfish, F|item
|poke|p1|Virizion|item
|poke|p1|Sableye, M|item
|poke|p1|Azelf|item
|poke|p2|Meloetta|item
|poke|p2|Blastoise, M|item
|poke|p2|Rhyperior, F|item
|poke|p2|Victini|item
|poke|p2|Zapdos|item
|poke|p2|Cobalion|item
|teampreview
|inactive|Battle timer is ON: inactive players will automatically lose when time's up. (requested by TheNordicMan)
|j|+Chuo͜͡水ku
|
|t:|1632010577
|start
|switch|p1a: Azelf|Azelf|100/100
|switch|p2a: Victini|Victini|100/100
|turn|1
|
|t:|1632010586
|move|p2a: Victini|U-turn|p1a: Azelf
|-supereffective|p1a: Azelf
|-crit|p1a: Azelf
|-enditem|p1a: Azelf|Focus Sash
|-damage|p1a: Azelf|1/100
|
|t:|1632010603
|switch|p2a: Blastoise|Blastoise, M|100/100|[from]move: U-turn
|move|p1a: Azelf|Stealth Rock|p2a: Blastoise
|-sidestart|p2: TheNordicMan|move: Stealth Rock
|
|upkeep
|turn|2
|
|t:|1632010612
|move|p1a: Azelf|Explosion|p2a: Blastoise
|-damage|p2a: Blastoise|59/100
|faint|p1a: Azelf
|move|p2a: Blastoise|Rapid Spin|p1: Azelf|[notarget]
|-fail|p2a: Blastoise
|
|-heal|p2a: Blastoise|65/100|[from] item: Leftovers
|upkeep
|inactive|Senegal has 120 seconds left.
|
|t:|1632010658
|switch|p1a: Sableye|Sableye, M|100/100
|turn|3
|
|t:|1632010674
|switch|p2a: Cobalion|Cobalion|100/100
|-damage|p2a: Cobalion|97/100|[from] Stealth Rock
|move|p1a: Sableye|Taunt|p2a: Cobalion
|-start|p2a: Cobalion|move: Taunt
|
|upkeep
|turn|4
|
|t:|1632010689
|move|p1a: Sableye|Will-O-Wisp|p2a: Cobalion|[miss]
|-miss|p1a: Sableye|p2a: Cobalion
|move|p2a: Cobalion|Iron Head|p1a: Sableye
|-damage|p1a: Sableye|64/100
|
|-heal|p1a: Sableye|70/100|[from] item: Leftovers
|upkeep
|turn|5
|
|t:|1632010693
|move|p2a: Cobalion|Iron Head|p1a: Sableye
|-damage|p1a: Sableye|33/100
|move|p1a: Sableye|Foul Play|p2a: Cobalion
|-resisted|p2a: Cobalion
|-damage|p2a: Cobalion|89/100
|-ability|p2a: Cobalion|Justified|boost
|-boost|p2a: Cobalion|atk|1
|
|-heal|p1a: Sableye|40/100|[from] item: Leftovers
|-end|p2a: Cobalion|move: Taunt
|upkeep
|turn|6
|
|t:|1632010696
|move|p1a: Sableye|Will-O-Wisp|p2a: Cobalion|[miss]
|-miss|p1a: Sableye|p2a: Cobalion
|move|p2a: Cobalion|Iron Head|p1a: Sableye
|-damage|p1a: Sableye|0 fnt
|faint|p1a: Sableye
|
|upkeep
|-message|Senegal forfeited.
|
|win|TheNordicMan
|n|☆Senegal|senegal
|n|☆TheNordicMan|thenordicman
|n| Chuo͜͡水ku|chuoku
