|j|☆iss
|j|☆giove97
|inactive|Battle timer is ON: inactive players will automatically lose when time's up.
|t:|1639260829
|gametype|singles
|player|p1|iss|ethan|
|player|p2|giove97|rosa|
|teamsize|p1|6
|teamsize|p2|6
|gen|5
|tier|[Gen 5] LC
|rated|Tournament battle
|rule|Species Clause: Limit one of each Pokémon
|rule|OHKO Clause: OHKO moves are banned
|rule|Moody Clause: Moody is banned
|rule|Evasion Moves Clause: Evasion moves are banned
|rule|Endless Battle Clause: Forcing endless battles is banned
|rule|HP Percentage Mod: HP is shown in percentages
|rule|Sleep Clause: Sleep-inducing moves are banned
|clearpoke
|poke|p1|Larvesta, L5, F|item
|poke|p1|Natu, L5, F|item
|poke|p1|Diglett, L5, M|item
|poke|p1|Snover, L5, M|item
|poke|p1|Staryu, L5|item
|poke|p1|Porygon, L5|item
|poke|p2|Mienfoo, L5, M|item
|poke|p2|Vullaby, L5, F|item
|poke|p2|Tentacool, L5, F|item
|poke|p2|Snover, L5, F|item
|poke|p2|Abra, L5, M|item
|poke|p2|Magnemite, L5|item
|teampreview
|c|☆giove97|glhf
|inactive|giove97 has 120 seconds left.
|
|t:|1639260862
|start
|switch|p1a: Larvesta|Larvesta, L5, F|100/100
|switch|p2a: Vullaby|Vullaby, L5, F|100/100
|turn|1
|j| emilien444
|c|☆iss|gl
|
|t:|1639260871
|switch|p1a: Staryu|Staryu, L5|100/100
|move|p2a: Vullaby|Heat Wave|p1a: Staryu
|-resisted|p1a: Staryu
|-damage|p1a: Staryu|91/100
|
|upkeep
|turn|2
|
|t:|1639260880
|switch|p2a: Snover|Snover, L5, F|100/100
|-weather|Hail|[from] ability: Snow Warning|[of] p2a: Snover
|move|p1a: Staryu|Thunder Wave|p2a: Snover
|-status|p2a: Snover|par
|
|-weather|Hail|[upkeep]
|-damage|p1a: Staryu|86/100|[from] Hail
|upkeep
|turn|3
|
|t:|1639260889
|switch|p1a: Larvesta|Larvesta, L5, F|100/100
|cant|p2a: Snover|par
|
|-weather|Hail|[upkeep]
|-damage|p1a: Larvesta|96/100|[from] Hail
|upkeep
|turn|4
|
|t:|1639260894
|switch|p2a: Tentacool|Tentacool, L5, F|100/100
|move|p1a: Larvesta|U-turn|p2a: Tentacool
|-resisted|p2a: Tentacool
|-damage|p2a: Tentacool|79/100
|
|t:|1639260897
|switch|p1a: Diglett|Diglett, L5, M|100/100|[from]move: U-turn
|
|-weather|Hail|[upkeep]
|-damage|p1a: Diglett|95/100|[from] Hail
|-damage|p2a: Tentacool|74/100|[from] Hail
|upkeep
|turn|5
|
|t:|1639260906
|move|p1a: Diglett|Earthquake|p2a: Tentacool
|-supereffective|p2a: Tentacool
|-damage|p2a: Tentacool|0 fnt
|faint|p2a: Tentacool
|-damage|p1a: Diglett|89/100|[from] item: Life Orb
|
|-weather|Hail|[upkeep]
|-damage|p1a: Diglett|84/100|[from] Hail
|upkeep
|
|t:|1639260909
|switch|p2a: Snover|Snover, L5, F|100/100 par
|turn|6
|
|t:|1639260912
|switch|p1a: Larvesta|Larvesta, L5, F|96/100
|move|p2a: Snover|Ice Shard|p1a: Larvesta
|-resisted|p1a: Larvesta
|-damage|p1a: Larvesta|87/100
|
|-weather|Hail|[upkeep]
|-damage|p1a: Larvesta|83/100|[from] Hail
|upkeep
|turn|7
|
|t:|1639260916
|switch|p2a: Vullaby|Vullaby, L5, F|100/100
|move|p1a: Larvesta|U-turn|p2a: Vullaby
|-damage|p2a: Vullaby|72/100
|
|t:|1639260924
|switch|p1a: Staryu|Staryu, L5|86/100|[from]move: U-turn
|
|-weather|Hail|[upkeep]
|-damage|p1a: Staryu|81/100|[from] Hail
|upkeep
|turn|8
|
|t:|1639260941
|switch|p2a: Snover|Snover, L5, F|100/100 par
|move|p1a: Staryu|Scald|p2a: Snover
|-resisted|p2a: Snover
|-damage|p2a: Snover|87/100 par
|
|-weather|Hail|[upkeep]
|-damage|p1a: Staryu|77/100|[from] Hail
|upkeep
|turn|9
|l| emilien444
|
|t:|1639260959
|switch|p1a: Larvesta|Larvesta, L5, F|83/100
|move|p2a: Snover|Blizzard|p1a: Larvesta
|-resisted|p1a: Larvesta
|-damage|p1a: Larvesta|57/100
|
|-weather|Hail|[upkeep]
|-damage|p1a: Larvesta|53/100|[from] Hail
|upkeep
|turn|10
|
|t:|1639260965
|switch|p2a: Vullaby|Vullaby, L5, F|72/100
|move|p1a: Larvesta|U-turn|p2a: Vullaby
|-damage|p2a: Vullaby|44/100
|
|t:|1639260971
|switch|p1a: Staryu|Staryu, L5|77/100|[from]move: U-turn
|
|-weather|Hail|[upkeep]
|-damage|p1a: Staryu|72/100|[from] Hail
|upkeep
|turn|11
|
|t:|1639260990
|move|p1a: Staryu|Thunder Wave|p2a: Vullaby
|-status|p2a: Vullaby|par
|move|p2a: Vullaby|Brave Bird|p1a: Staryu
|-damage|p1a: Staryu|29/100
|-damage|p2a: Vullaby|32/100 par|[from] Recoil
|
|-weather|Hail|[upkeep]
|-damage|p1a: Staryu|24/100|[from] Hail
|upkeep
|turn|12
|
|t:|1639260996
|move|p1a: Staryu|Recover|p1a: Staryu
|-heal|p1a: Staryu|77/100
|move|p2a: Vullaby|Brave Bird|p1a: Staryu
|-damage|p1a: Staryu|34/100
|-damage|p2a: Vullaby|20/100 par|[from] Recoil
|
|-weather|Hail|[upkeep]
|-damage|p1a: Staryu|29/100|[from] Hail
|upkeep
|turn|13
|
|t:|1639261000
|move|p1a: Staryu|Recover|p1a: Staryu
|-heal|p1a: Staryu|81/100
|move|p2a: Vullaby|Brave Bird|p1a: Staryu
|-damage|p1a: Staryu|39/100
|-damage|p2a: Vullaby|8/100 par|[from] Recoil
|
|-weather|Hail|[upkeep]
|-damage|p1a: Staryu|34/100|[from] Hail
|upkeep
|turn|14
|inactive|giove97 has 120 seconds left.
|
|t:|1639261041
|move|p1a: Staryu|Recover|p1a: Staryu
|-heal|p1a: Staryu|86/100
|move|p2a: Vullaby|Brave Bird|p1a: Staryu
|-damage|p1a: Staryu|43/100
|-damage|p2a: Vullaby|0 fnt|[from] Recoil
|faint|p2a: Vullaby
|
|-weather|Hail|[upkeep]
|-damage|p1a: Staryu|39/100|[from] Hail
|upkeep
|
|t:|1639261045
|switch|p2a: Magnemite|Magnemite, L5|100/100
|turn|15
|
|t:|1639261059
|move|p2a: Magnemite|Flash Cannon|p1a: Staryu
|-resisted|p1a: Staryu
|-crit|p1a: Staryu
|-damage|p1a: Staryu|0 fnt
|faint|p1a: Staryu
|
|-weather|Hail|[upkeep]
|-damage|p2a: Magnemite|95/100|[from] Hail
|upkeep
|
|t:|1639261062
|switch|p1a: Porygon|Porygon, L5|100/100
|-ability|p1a: Porygon|Magnet Pull|[from] ability: Trace|[of] p2a: Magnemite
|turn|16
|
|t:|1639261070
|move|p2a: Magnemite|Flash Cannon|p1a: Porygon
|-damage|p1a: Porygon|74/100
|-unboost|p1a: Porygon|spd|1
|move|p1a: Porygon|Thunder Wave|p2a: Magnemite
|-status|p2a: Magnemite|par
|
|-weather|Hail|[upkeep]
|-damage|p1a: Porygon|70/100|[from] Hail
|-damage|p2a: Magnemite|90/100 par|[from] Hail
|upkeep
|turn|17
|
|t:|1639261079
|move|p1a: Porygon|Psychic|p2a: Magnemite
|-resisted|p2a: Magnemite
|-damage|p2a: Magnemite|64/100 par
|cant|p2a: Magnemite|par
|
|-weather|Hail|[upkeep]
|-damage|p1a: Porygon|66/100|[from] Hail
|-damage|p2a: Magnemite|58/100 par|[from] Hail
|upkeep
|turn|18
|inactive|giove97 has 120 seconds left.
|
|t:|1639261110
|move|p1a: Porygon|Psychic|p2a: Magnemite
|-resisted|p2a: Magnemite
|-damage|p2a: Magnemite|32/100 par
|move|p2a: Magnemite|Flash Cannon|p1a: Porygon
|-damage|p1a: Porygon|31/100
|
|-weather|Hail|[upkeep]
|-damage|p1a: Porygon|27/100|[from] Hail
|-damage|p2a: Magnemite|27/100 par|[from] Hail
|upkeep
|turn|19
|
|t:|1639261115
|move|p1a: Porygon|Recover|p1a: Porygon
|-heal|p1a: Porygon|77/100
|move|p2a: Magnemite|Flash Cannon|p1a: Porygon
|-damage|p1a: Porygon|39/100
|
|-weather|Hail|[upkeep]
|-damage|p1a: Porygon|35/100|[from] Hail
|-damage|p2a: Magnemite|22/100 par|[from] Hail
|upkeep
|turn|20
|
|t:|1639261118
|move|p1a: Porygon|Recover|p1a: Porygon
|-heal|p1a: Porygon|85/100
|cant|p2a: Magnemite|par
|
|-weather|Hail|[upkeep]
|-damage|p1a: Porygon|81/100|[from] Hail
|-damage|p2a: Magnemite|16/100 par|[from] Hail
|upkeep
|turn|21
|inactive|giove97 has 120 seconds left.
|
|t:|1639261144
|move|p1a: Porygon|Psychic|p2a: Magnemite
|-resisted|p2a: Magnemite
|-damage|p2a: Magnemite|0 fnt
|faint|p2a: Magnemite
|
|-weather|Hail|[upkeep]
|-damage|p1a: Porygon|77/100|[from] Hail
|upkeep
|
|t:|1639261148
|switch|p2a: Mienfoo|Mienfoo, L5, M|100/100
|turn|22
|
|t:|1639261155
|switch|p1a: Natu|Natu, L5, F|100/100
|move|p2a: Mienfoo|Knock Off|p1a: Natu
|-supereffective|p1a: Natu
|-damage|p1a: Natu|83/100
|-enditem|p1a: Natu|Eviolite|[from] move: Knock Off|[of] p2a: Mienfoo
|
|-weather|Hail|[upkeep]
|-damage|p2a: Mienfoo|96/100|[from] Hail
|-damage|p1a: Natu|79/100|[from] Hail
|upkeep
|turn|23
|
|t:|1639261160
|move|p1a: Natu|Wish|p1a: Natu
|move|p2a: Mienfoo|U-turn|p1a: Natu
|-damage|p1a: Natu|53/100
|
|t:|1639261164
|switch|p2a: Snover|Snover, L5, F|87/100 par|[from]move: U-turn
|
|-weather|Hail|[upkeep]
|-damage|p1a: Natu|48/100|[from] Hail
|upkeep
|turn|24
|
|t:|1639261168
|move|p1a: Natu|U-turn|p2a: Snover
|-supereffective|p2a: Snover
|-damage|p2a: Snover|61/100 par
|
|t:|1639261170
|switch|p1a: Larvesta|Larvesta, L5, F|53/100|[from]move: U-turn
|move|p2a: Snover|Blizzard|p1a: Larvesta
|-resisted|p1a: Larvesta
|-crit|p1a: Larvesta
|-damage|p1a: Larvesta|0 fnt
|faint|p1a: Larvesta
|
|-weather|Hail|[upkeep]
|upkeep
|
|t:|1639261176
|switch|p1a: Snover|Snover, L5, M|100/100
|turn|25
|
|t:|1639261179
|move|p1a: Snover|Blizzard|p2a: Snover
|-damage|p2a: Snover|18/100 par
|cant|p2a: Snover|par
|
|-weather|Hail|[upkeep]
|upkeep
|turn|26
|
|t:|1639261184
|move|p1a: Snover|Blizzard|p2a: Snover
|-damage|p2a: Snover|0 fnt
|faint|p2a: Snover
|
|-weather|Hail|[upkeep]
|upkeep
|
|t:|1639261188
|switch|p2a: Mienfoo|Mienfoo, L5, M|100/100
|turn|27
|
|t:|1639261194
|move|p2a: Mienfoo|Fake Out|p1a: Snover
|-damage|p1a: Snover|87/100
|cant|p1a: Snover|flinch
|
|-weather|Hail|[upkeep]
|-damage|p2a: Mienfoo|96/100|[from] Hail
|upkeep
|turn|28
|
|t:|1639261197
|move|p1a: Snover|Protect|p1a: Snover
|-singleturn|p1a: Snover|Protect
|move|p2a: Mienfoo|Drain Punch|p1a: Snover
|-activate|p1a: Snover|move: Protect
|
|-weather|Hail|[upkeep]
|-damage|p2a: Mienfoo|92/100|[from] Hail
|upkeep
|turn|29
|
|t:|1639261205
|move|p1a: Snover|Blizzard|p2a: Mienfoo
|-damage|p2a: Mienfoo|40/100
|move|p2a: Mienfoo|U-turn|p1a: Snover
|-supereffective|p1a: Snover
|-damage|p1a: Snover|44/100
|
|t:|1639261211
|switch|p2a: Abra|Abra, L5, M|100/100|[from]move: U-turn
|
|-weather|Hail|[upkeep]
|upkeep
|turn|30
|
|t:|1639261216
|move|p2a: Abra|Psychic|p1a: Snover
|-damage|p1a: Snover|0 fnt
|faint|p1a: Snover
|
|-weather|Hail|[upkeep]
|upkeep
|
|t:|1639261219
|switch|p1a: Diglett|Diglett, L5, M|84/100
|turn|31
|
|t:|1639261222
|move|p1a: Diglett|Earthquake|p2a: Abra
|-enditem|p2a: Abra|Focus Sash
|-damage|p2a: Abra|6/100
|-damage|p1a: Diglett|78/100|[from] item: Life Orb
|move|p2a: Abra|Psychic|p1a: Diglett
|-damage|p1a: Diglett|0 fnt
|faint|p1a: Diglett
|
|-weather|Hail|[upkeep]
|upkeep
|
|t:|1639261226
|switch|p1a: Porygon|Porygon, L5|77/100
|-ability|p1a: Porygon|Magic Guard|[from] ability: Trace|[of] p2a: Abra
|turn|32
|
|t:|1639261231
|move|p2a: Abra|Psychic|p1a: Porygon
|-damage|p1a: Porygon|43/100
|move|p1a: Porygon|Psychic|p2a: Abra
|-resisted|p2a: Abra
|-damage|p2a: Abra|0 fnt
|faint|p2a: Abra
|
|-weather|Hail|[upkeep]
|upkeep
|
|t:|1639261234
|switch|p2a: Mienfoo|Mienfoo, L5, M|70/100
|turn|33
|
|t:|1639261245
|switch|p1a: Natu|Natu, L5, F|48/100
|move|p2a: Mienfoo|Drain Punch|p1a: Natu
|-resisted|p1a: Natu
|-damage|p1a: Natu|40/100
|-heal|p2a: Mienfoo|74/100|[from] drain|[of] p1a: Natu
|
|-weather|Hail|[upkeep]
|-damage|p1a: Natu|35/100|[from] Hail
|-damage|p2a: Mienfoo|70/100|[from] Hail
|upkeep
|turn|34
|
|t:|1639261249
|move|p2a: Mienfoo|Knock Off|p1a: Natu
|-supereffective|p1a: Natu
|-damage|p1a: Natu|18/100
|move|p1a: Natu|Psychic|p2a: Mienfoo
|-supereffective|p2a: Mienfoo
|-damage|p2a: Mienfoo|0 fnt
|faint|p2a: Mienfoo
|
|win|iss
|n|☆iss|iss
|n|☆giove97|giove97
|c|☆giove97|gg
|c|☆iss|gg
|l|☆iss
