|j|☆Mionda
|j|☆Lily
|t:|1630965026
|gametype|singles
|player|p1|Mionda|dawn-gen4pt|
|player|p2|Lily|#lilburr|
|teamsize|p1|6
|teamsize|p2|6
|gen|5
|tier|[Gen 5] UU
|rule|Species Clause: Limit one of each Pokémon
|rule|OHKO Clause: OHKO moves are banned
|rule|Moody Clause: Moody is banned
|rule|Evasion Moves Clause: Evasion moves are banned
|rule|Endless Battle Clause: Forcing endless battles is banned
|rule|HP Percentage Mod: HP is shown in percentages
|rule|Evasion Abilities Clause: Evasion abilities are banned
|rule|Baton Pass Clause: Limit one Baton Passer, can't pass Spe and other stats simultaneously
|rule|Swagger Clause: Swagger is banned
|rule|Sleep Clause Mod: Limit one foe put to sleep
|clearpoke
|poke|p1|Nidoqueen, F|item
|poke|p1|Ferroseed, F|item
|poke|p1|Victini|item
|poke|p1|Blastoise, F|item
|poke|p1|Togekiss, M|item
|poke|p1|Rhyperior, M|item
|poke|p2|Druddigon, M|item
|poke|p2|Roserade, F|item
|poke|p2|Mew|item
|poke|p2|Cofagrigus, M|item
|poke|p2|Zapdos|item
|poke|p2|Krookodile, F|item
|teampreview
|c|☆Mionda|hf :3
|c|☆Lily|wait my AVI
|c|☆Lily|FRICK
|c|☆Lily|UGHthis is terri
|c|☆Lily|ble
|c|☆Lily|hf.
|j|+Lunala
|j| pkmn cypher 2013
|j| soaring mind
|j| watashi
|j|@TDK
|j| SuperEpicAmpharos
|j| Nalorium ⧳
|j| Tuononda
|c| Tuononda|omg
|j|+Bouff
|j| booty
|l| booty
|j| kitten milk
|j|+Vileman
|j| starmaster
|c| kitten milk|woooo go mionda
|j| booty
|j| justamente
|
|t:|1630965122
|start
|switch|p1a: tina toger|Togekiss, M|100/100
|switch|p2a: Heartache|Mew|100/100
|turn|1
|j| HYDREIGON SPECS
|c| HYDREIGON SPECS|TDK
|c| HYDREIGON SPECS|rate
|c| HYDREIGON SPECS|the names
|c| HYDREIGON SPECS|'-'
|c| HYDREIGON SPECS|i picked them carefully
|c|☆Lily|this first one is really really bad
|c|☆Lily|i hope the quality picks up
|c|☆Mionda|just wait for the others
|c|☆Mionda|even worse
|
|t:|1630965162
|move|p1a: tina toger|Trick|p2a: Heartache
|-activate|p1a: tina toger|move: Trick|[of] p2a: Heartache
|-item|p2a: Heartache|Choice Scarf|[from] move: Trick
|-item|p1a: tina toger|Leftovers|[from] move: Trick
|move|p2a: Heartache|Will-O-Wisp|p1a: tina toger
|-status|p1a: tina toger|brn
|
|-damage|p1a: tina toger|88/100 brn|[from] brn
|upkeep
|turn|2
|
|t:|1630965170
|switch|p2a: Small Shock|Zapdos|100/100
|-ability|p2a: Small Shock|Pressure
|move|p1a: tina toger|Thunder Wave|p2a: Small Shock
|-status|p2a: Small Shock|par
|
|-heal|p1a: tina toger|94/100 brn|[from] item: Leftovers
|-damage|p1a: tina toger|82/100 brn|[from] brn
|upkeep
|turn|3
|j| LpZ IV
|
|t:|1630965208
|switch|p1a: tina stoner|Rhyperior, M|100/100
|switch|p2a: Heartache|Mew|100/100
|
|upkeep
|turn|4
|
|t:|1630965214
|move|p1a: tina stoner|Protect|p1a: tina stoner
|-singleturn|p1a: tina stoner|Protect
|move|p2a: Heartache|Taunt|p1a: tina stoner
|-activate|p1a: tina stoner|move: Protect
|
|upkeep
|turn|5
|
|t:|1630965220
|move|p2a: Heartache|Taunt|p1a: tina stoner
|-start|p1a: tina stoner|move: Taunt
|move|p1a: tina stoner|Earthquake|p2a: Heartache
|-damage|p2a: Heartache|59/100
|
|upkeep
|turn|6
|c| HYDREIGON SPECS|ok this one is good
|c| HYDREIGON SPECS|u can admit
|
|t:|1630965227
|switch|p2a: Bergentrückung|Druddigon, M|100/100
|-ability|p2a: Bergentrückung|Mold Breaker
|move|p1a: tina stoner|Earthquake|p2a: Bergentrückung
|-damage|p2a: Bergentrückung|49/100
|
|-heal|p2a: Bergentrückung|55/100|[from] item: Leftovers
|upkeep
|turn|7
|c| HYDREIGON SPECS|swallow these words
|c| HYDREIGON SPECS|lilihubris
|
|t:|1630965238
|move|p2a: Bergentrückung|Stealth Rock|p1a: tina stoner
|-sidestart|p1: Mionda|move: Stealth Rock
|move|p1a: tina stoner|Earthquake|p2a: Bergentrückung
|-damage|p2a: Bergentrückung|2/100
|
|-heal|p2a: Bergentrückung|9/100|[from] item: Leftovers
|-end|p1a: tina stoner|move: Taunt
|upkeep
|turn|8
|
|t:|1630965251
|switch|p1a: spina flipturner|Blastoise, F|100/100
|-damage|p1a: spina flipturner|88/100|[from] Stealth Rock
|move|p2a: Bergentrückung|Earthquake|p1a: spina flipturner
|-damage|p1a: spina flipturner|65/100
|
|-heal|p1a: spina flipturner|71/100|[from] item: Leftovers
|-heal|p2a: Bergentrückung|15/100|[from] item: Leftovers
|upkeep
|turn|9
|c| kitten milk|this one's great hs
|
|t:|1630965262
|move|p1a: spina flipturner|Scald|p2a: Bergentrückung
|-resisted|p2a: Bergentrückung
|-damage|p2a: Bergentrückung|4/100
|move|p2a: Bergentrückung|Roar|p1a: spina flipturner
|drag|p1a: tina upper|Nidoqueen, F|100/100
|-damage|p1a: tina upper|94/100|[from] Stealth Rock
|
|-heal|p2a: Bergentrückung|10/100|[from] item: Leftovers
|upkeep
|turn|10
|j| ASKOV
|
|t:|1630965274
|switch|p2a: Heartache|Mew|59/100
|move|p1a: tina upper|Earth Power|p2a: Heartache
|-damage|p2a: Heartache|25/100
|
|upkeep
|turn|11
|c| kitten milk|this one is especially funny tbh
|
|t:|1630965279
|switch|p1a: spina flipturner|Blastoise, F|71/100
|-damage|p1a: spina flipturner|59/100|[from] Stealth Rock
|move|p2a: Heartache|Earthquake|p1a: spina flipturner
|-damage|p1a: spina flipturner|44/100
|
|-heal|p1a: spina flipturner|50/100|[from] item: Leftovers
|upkeep
|turn|12
|
|t:|1630965282
|switch|p2a: Ghost Fight|Cofagrigus, M|100/100
|move|p1a: spina flipturner|Refresh||[still]
|-fail|p1a: spina flipturner
|
|-heal|p1a: spina flipturner|56/100|[from] item: Leftovers
|upkeep
|turn|13
|c| kitten milk|for drug reasons
|c|☆Mionda|ops
|c|☆Mionda|,
|c|☆Mionda|that was a missclick
|j| Chuo水ku
|
|t:|1630965310
|move|p1a: spina flipturner|Toxic|p2a: Ghost Fight
|-status|p2a: Ghost Fight|tox
|move|p2a: Ghost Fight|Nasty Plot|p2a: Ghost Fight
|-boost|p2a: Ghost Fight|spa|2
|
|-heal|p1a: spina flipturner|63/100|[from] item: Leftovers
|-damage|p2a: Ghost Fight|95/100 tox|[from] psn
|upkeep
|turn|14
|c| ASKOV|black white gaming
|
|t:|1630965356
|switch|p1a: ferro uthorner|Ferroseed, F, shiny|100/100
|-damage|p1a: ferro uthorner|94/100|[from] Stealth Rock
|move|p2a: Ghost Fight|Hidden Power|p1a: ferro uthorner
|-supereffective|p1a: ferro uthorner
|-damage|p1a: ferro uthorner|28/100
|
|-heal|p2a: Ghost Fight|100/100 tox|[from] item: Leftovers
|-damage|p2a: Ghost Fight|89/100 tox|[from] psn
|upkeep
|turn|15
|j| Carlosandres5432
|
|t:|1630965359
|move|p1a: ferro uthorner|Protect|p1a: ferro uthorner
|-singleturn|p1a: ferro uthorner|Protect
|move|p2a: Ghost Fight|Hidden Power|p1a: ferro uthorner
|-activate|p1a: ferro uthorner|move: Protect
|
|-heal|p2a: Ghost Fight|95/100 tox|[from] item: Leftovers
|-damage|p2a: Ghost Fight|77/100 tox|[from] psn
|upkeep
|turn|16
|
|t:|1630965368
|move|p2a: Ghost Fight|Hidden Power|p1a: ferro uthorner
|-supereffective|p1a: ferro uthorner
|-damage|p1a: ferro uthorner|0 fnt
|faint|p1a: ferro uthorner
|
|-heal|p2a: Ghost Fight|83/100 tox|[from] item: Leftovers
|-damage|p2a: Ghost Fight|59/100 tox|[from] psn
|upkeep
|c| HYDREIGON SPECS|TDK Lily
|l| Carlosandres5432
|c|@TDK|hs
|c| kitten milk|-hs
|j|+Accel
|
|t:|1630965399
|switch|p1a: tini uturner|Victini|100/100
|-damage|p1a: tini uturner|76/100|[from] Stealth Rock
|turn|17
|c|@TDK|HYDREIGON SPECS what do you think of lily leaking her coverage on her cofwordrigus
|
|t:|1630965403
|switch|p2a: Bergentrückung|Druddigon, M|10/100
|-ability|p2a: Bergentrückung|Mold Breaker
|move|p1a: tini uturner|U-turn|p2a: Bergentrückung
|-damage|p2a: Bergentrückung|0 fnt
|faint|p2a: Bergentrückung
|c| HYDREIGON SPECS|hm
|c| HYDREIGON SPECS|is that banworthy carson
|c| HYDREIGON SPECS|i think it is
|
|t:|1630965429
|switch|p1a: tina upper|Nidoqueen, F|94/100|[from]move: U-turn
|-damage|p1a: tina upper|88/100|[from] Stealth Rock
|
|upkeep
|
|t:|1630965438
|switch|p2a: Heartache|Mew|25/100
|turn|18
|
|t:|1630965457
|switch|p1a: spina flipturner|Blastoise, F|63/100
|-damage|p1a: spina flipturner|50/100|[from] Stealth Rock
|move|p2a: Heartache|Earthquake|p1a: spina flipturner
|-damage|p1a: spina flipturner|35/100
|
|-heal|p1a: spina flipturner|41/100|[from] item: Leftovers
|upkeep
|turn|19
|
|t:|1630965461
|switch|p2a: Death By Glamour|Roserade, F|100/100
|move|p1a: spina flipturner|Rapid Spin|p2a: Death By Glamour
|-damage|p2a: Death By Glamour|95/100
|-sideend|p1: Mionda|Stealth Rock|[from] move: Rapid Spin|[of] p1a: spina flipturner
|
|-heal|p2a: Death By Glamour|100/100|[from] item: Black Sludge
|-heal|p1a: spina flipturner|47/100|[from] item: Leftovers
|upkeep
|turn|20
|l|+Accel
|j| blackkaiser
|c|+Bouff|Glamour. Death
|j|+Accel
|l| blackkaiser
|j| la princesa
|
|t:|1630965549
|switch|p1a: tina toger|Togekiss, M|82/100 brn
|move|p2a: Death By Glamour|Spikes|p1a: tina toger
|-sidestart|p1: Mionda|Spikes
|
|-heal|p1a: tina toger|88/100 brn|[from] item: Leftovers
|-damage|p1a: tina toger|76/100 brn|[from] brn
|upkeep
|turn|21
|j| Ms. Jisoo
|
|t:|1630965561
|switch|p2a: Small Shock|Zapdos|100/100 par
|-ability|p2a: Small Shock|Pressure
|move|p1a: tina toger|Roost|p1a: tina toger
|-heal|p1a: tina toger|100/100 brn
|-singleturn|p1a: tina toger|move: Roost
|
|-damage|p1a: tina toger|88/100 brn|[from] brn
|upkeep
|turn|22
|
|t:|1630965567
|move|p1a: tina toger|Air Slash|p2a: Small Shock
|-resisted|p2a: Small Shock
|-damage|p2a: Small Shock|85/100 par
|cant|p2a: Small Shock|flinch
|
|-heal|p1a: tina toger|94/100 brn|[from] item: Leftovers
|-heal|p2a: Small Shock|91/100 par|[from] item: Leftovers
|-damage|p1a: tina toger|82/100 brn|[from] brn
|upkeep
|turn|23
|
|t:|1630965570
|switch|p1a: tina stoner|Rhyperior, M|100/100
|-damage|p1a: tina stoner|88/100|[from] Spikes
|move|p2a: Small Shock|Hidden Power|p1a: tina stoner
|-supereffective|p1a: tina stoner
|-damage|p1a: tina stoner|53/100
|
|-heal|p1a: tina stoner|60/100|[from] item: Leftovers
|-heal|p2a: Small Shock|97/100 par|[from] item: Leftovers
|upkeep
|turn|24
|
|t:|1630965573
|switch|p2a: Death By Glamour|Roserade, F|100/100
|move|p1a: tina stoner|Stealth Rock|p2a: Death By Glamour
|-sidestart|p2: Lily|move: Stealth Rock
|
|-heal|p1a: tina stoner|66/100|[from] item: Leftovers
|upkeep
|turn|25
|
|t:|1630965579
|switch|p1a: tina toger|Togekiss, M|82/100 brn
|move|p2a: Death By Glamour|Giga Drain|p1a: tina toger
|-resisted|p1a: tina toger
|-damage|p1a: tina toger|70/100 brn
|
|-heal|p1a: tina toger|76/100 brn|[from] item: Leftovers
|-damage|p1a: tina toger|64/100 brn|[from] brn
|upkeep
|turn|26
|
|t:|1630965587
|move|p1a: tina toger|Roost|p1a: tina toger
|-heal|p1a: tina toger|100/100 brn
|-singleturn|p1a: tina toger|move: Roost
|move|p2a: Death By Glamour|Spikes|p1a: tina toger
|-sidestart|p1: Mionda|Spikes
|
|-damage|p1a: tina toger|88/100 brn|[from] brn
|upkeep
|turn|27
|
|t:|1630965592
|switch|p2a: Small Shock|Zapdos|97/100 par
|-damage|p2a: Small Shock|72/100 par|[from] Stealth Rock
|-ability|p2a: Small Shock|Pressure
|move|p1a: tina toger|Air Slash|p2a: Small Shock
|-resisted|p2a: Small Shock
|-damage|p2a: Small Shock|56/100 par
|
|-heal|p1a: tina toger|94/100 brn|[from] item: Leftovers
|-heal|p2a: Small Shock|62/100 par|[from] item: Leftovers
|-damage|p1a: tina toger|82/100 brn|[from] brn
|upkeep
|turn|28
|
|t:|1630965598
|switch|p1a: tina stoner|Rhyperior, M|66/100
|-damage|p1a: tina stoner|49/100|[from] Spikes
|move|p2a: Small Shock|Hidden Power|p1a: tina stoner
|-supereffective|p1a: tina stoner
|-crit|p1a: tina stoner
|-damage|p1a: tina stoner|0 fnt
|faint|p1a: tina stoner
|
|-heal|p2a: Small Shock|69/100 par|[from] item: Leftovers
|upkeep
|c| Ms. Jisoo|Did you. Just flip. My switch?
|l| la princesa
|c|+Lunala|shut the fuck up Ms. Jisoo
|c| Ms. Jisoo|you shut the fuck up pig
|
|t:|1630965644
|switch|p1a: tina upper|Nidoqueen, F|88/100
|-damage|p1a: tina upper|72/100|[from] Spikes
|turn|29
|
|t:|1630965650
|switch|p2a: Heartache|Mew|25/100
|-damage|p2a: Heartache|13/100|[from] Stealth Rock
|move|p1a: tina upper|Ice Beam|p2a: Heartache
|-damage|p2a: Heartache|0 fnt
|faint|p2a: Heartache
|
|upkeep
|
|t:|1630965664
|switch|p2a: Death By Glamour|Roserade, F|100/100
|-damage|p2a: Death By Glamour|88/100|[from] Stealth Rock
|turn|30
|
|t:|1630965676
|move|p1a: tina upper|Fire Blast|p2a: Death By Glamour
|-supereffective|p2a: Death By Glamour
|-crit|p2a: Death By Glamour
|-damage|p2a: Death By Glamour|0 fnt
|faint|p2a: Death By Glamour
|
|upkeep
|j| hydeout
|c| kitten milk|upped
|
|t:|1630965761
|switch|p2a: MEGALOVANIA|Krookodile, F|100/100
|-damage|p2a: MEGALOVANIA|94/100|[from] Stealth Rock
|turn|31
|
|t:|1630965763
|switch|p1a: tina toger|Togekiss, M|82/100 brn
|move|p2a: MEGALOVANIA|Earthquake|p1a: tina toger
|-immune|p1a: tina toger
|
|-heal|p1a: tina toger|88/100 brn|[from] item: Leftovers
|-damage|p1a: tina toger|76/100 brn|[from] brn
|upkeep
|turn|32
|l| hydeout
|j| hydeout
|
|t:|1630965811
|move|p2a: MEGALOVANIA|Earthquake|p1a: tina toger
|-immune|p1a: tina toger
|move|p1a: tina toger|Air Slash|p2a: MEGALOVANIA
|-damage|p2a: MEGALOVANIA|49/100
|
|-heal|p1a: tina toger|82/100 brn|[from] item: Leftovers
|-damage|p1a: tina toger|69/100 brn|[from] brn
|upkeep
|turn|33
|
|t:|1630965819
|switch|p2a: Small Shock|Zapdos|69/100 par
|-damage|p2a: Small Shock|44/100 par|[from] Stealth Rock
|-ability|p2a: Small Shock|Pressure
|move|p1a: tina toger|Roost|p1a: tina toger
|-heal|p1a: tina toger|100/100 brn
|-singleturn|p1a: tina toger|move: Roost
|
|-heal|p2a: Small Shock|50/100 par|[from] item: Leftovers
|-damage|p1a: tina toger|88/100 brn|[from] brn
|upkeep
|turn|34
|
|t:|1630965835
|switch|p1a: tini uturner|Victini|76/100
|-damage|p1a: tini uturner|59/100|[from] Spikes
|move|p2a: Small Shock|Roost|p2a: Small Shock
|-heal|p2a: Small Shock|99/100 par
|-singleturn|p2a: Small Shock|move: Roost
|
|-heal|p2a: Small Shock|100/100 par|[from] item: Leftovers
|upkeep
|turn|35
|
|t:|1630965841
|move|p1a: tini uturner|V-create|p2a: Small Shock
|-damage|p2a: Small Shock|0 fnt
|-unboost|p1a: tini uturner|spe|1
|-unboost|p1a: tini uturner|def|1
|-unboost|p1a: tini uturner|spd|1
|faint|p2a: Small Shock
|
|upkeep
|
|t:|1630965851
|switch|p2a: MEGALOVANIA|Krookodile, F|49/100
|-damage|p2a: MEGALOVANIA|43/100|[from] Stealth Rock
|turn|36
|
|t:|1630965864
|switch|p1a: tina toger|Togekiss, M|88/100 brn
|move|p2a: MEGALOVANIA|Crunch|p1a: tina toger
|-damage|p1a: tina toger|51/100 brn
|-unboost|p1a: tina toger|def|1
|
|-heal|p1a: tina toger|57/100 brn|[from] item: Leftovers
|-damage|p1a: tina toger|45/100 brn|[from] brn
|upkeep
|turn|37
|l| hydeout
|j| hydeout
|l|+Accel
|j|+Accel
|l|+Accel
|c|☆Mionda|mhm i think i just did something that i should've avoided
|
|t:|1630965985
|move|p2a: MEGALOVANIA|Crunch|p1a: tina toger
|-damage|p1a: tina toger|0 fnt
|faint|p1a: tina toger
|-ability|p2a: MEGALOVANIA|Moxie|boost
|-boost|p2a: MEGALOVANIA|atk|1
|
|upkeep
|j|+avarice
|
|t:|1630965992
|switch|p1a: spina flipturner|Blastoise, F|47/100
|-damage|p1a: spina flipturner|30/100|[from] Spikes
|turn|38
|
|t:|1630965993
|move|p2a: MEGALOVANIA|Crunch|p1a: spina flipturner
|-damage|p1a: spina flipturner|0 fnt
|faint|p1a: spina flipturner
|-ability|p2a: MEGALOVANIA|Moxie|boost
|-boost|p2a: MEGALOVANIA|atk|1
|
|upkeep
|c|☆Mionda|i forgot about moxie
|c|☆Mionda|fuck
|c|☆Mionda|gg
|c|☆Lily|:<
|c|☆Lily|gg
|-message|Mionda forfeited.
|
|win|Lily
|l| soaring mind
|l| starmaster
|l| watashi
|j| sparkling dream
|l| hydeout
|l| sparkling dream
|l| Chuo水ku
|l| SuperEpicAmpharos
|l|+Lunala
|l| Ms. Jisoo
|l|+Bouff
|l|+Vileman
|l|@TDK
|l| LpZ IV
|l|+avarice
|l| Tuononda
|j|+Accel
|j| sparkling dream
|l|+Accel
|l| booty
|l| sparkling dream
|l|☆Lily
|l| ASKOV
|j| Beraldinhoo
|l| Beraldinhoo
|j| Expulso
|l| Expulso
|l| Nalorium ⧳
|l|☆Mionda
|l| justamente
|j| houndours of love
|l| houndours of love
|n| tiramisu gobbler|kittenmilk
|j|+Splash
|l|+Splash
|j|+Bughouse
