|j|‽Cynthia the Lady
|j|☆joey milktank
|t:|1634523349
|gametype|singles
|player|p1|Cynthia the Lady|cynthia-gen4|
|player|p2|joey milktank|whitney-gen2|
|teamsize|p1|6
|teamsize|p2|6
|gen|5
|tier|[Gen 5] NU
|rated|Tournament battle
|rule|Species Clause: Limit one of each Pokémon
|rule|OHKO Clause: OHKO moves are banned
|rule|Moody Clause: Moody is banned
|rule|Evasion Moves Clause: Evasion moves are banned
|rule|Endless Battle Clause: Forcing endless battles is banned
|rule|HP Percentage Mod: HP is shown in percentages
|rule|Evasion Abilities Clause: Evasion abilities are banned
|rule|Baton Pass Clause: Limit one Baton Passer, can't pass Spe and other stats simultaneously
|rule|Swagger Clause: Swagger is banned
|rule|Sleep Clause Mod: Limit one foe put to sleep
|clearpoke
|poke|p1|Camerupt, F|item
|poke|p1|Mandibuzz, F|item
|poke|p1|Carracosta, F|item
|poke|p1|Gardevoir, F|item
|poke|p1|Gurdurr, M|item
|poke|p1|Garbodor, M|item
|poke|p2|Volbeat, M|item
|poke|p2|Swanna, M|item
|poke|p2|Ludicolo, M|item
|poke|p2|Metang|item
|poke|p2|Seismitoad, M|item
|poke|p2|Rotom-Frost|item
|teampreview
|j|*BB-8-NU
|inactive|Battle timer is ON: inactive players will automatically lose when time's up. (requested by Cynthia the Lady)
|c|☆joey milktank|hf
|inactive|Cynthia the Lady has 120 seconds left.
|j|%turtledoggo1
|j|@Oathkeepre
|
|t:|1634523407
|start
|switch|p1a: Carracosta|Carracosta, F|100/100
|switch|p2a: FIRE FLYS|Volbeat, M|100/100
|turn|1
|j|#roxiee
|c|%turtledoggo1|Sick team joey
|inactive|joey milktank has 120 seconds left.
|
|t:|1634523442
|move|p2a: FIRE FLYS|Thunder Wave|p1a: Carracosta
|-status|p1a: Carracosta|par
|move|p1a: Carracosta|Stealth Rock|p2a: FIRE FLYS
|-sidestart|p2: joey milktank|move: Stealth Rock
|
|upkeep
|turn|2
|c|☆joey milktank|ty turt
|c|☆joey milktank|:)
|inactive|joey milktank has 120 seconds left.
|
|t:|1634523453
|switch|p1a: Camerupt|Camerupt, F|100/100
|move|p2a: FIRE FLYS|Encore||[still]
|-fail|p2a: FIRE FLYS
|
|upkeep
|turn|3
|
|t:|1634523459
|move|p2a: FIRE FLYS|Rain Dance|p2a: FIRE FLYS
|-weather|RainDance
|move|p1a: Camerupt|Eruption|p2a: FIRE FLYS
|-supereffective|p2a: FIRE FLYS
|-damage|p2a: FIRE FLYS|0 fnt
|faint|p2a: FIRE FLYS
|
|-weather|RainDance|[upkeep]
|upkeep
|inactive|joey milktank has 120 seconds left.
|
|t:|1634523469
|switch|p2a: SUAVAMENTE|Ludicolo, M|100/100
|-damage|p2a: SUAVAMENTE|88/100|[from] Stealth Rock
|turn|4
|
|t:|1634523476
|switch|p1a: Carracosta|Carracosta, F|100/100 par
|move|p2a: SUAVAMENTE|Hydro Pump|p1a: Carracosta
|-ability|p1a: Carracosta|Sturdy
|-damage|p1a: Carracosta|1/100 par
|-damage|p2a: SUAVAMENTE|78/100|[from] item: Life Orb
|
|-weather|RainDance|[upkeep]
|upkeep
|turn|5
|l|roxiee
|-enditem|p1a: Carracosta|Custap Berry|[eat]
|-activate|p1a: Carracosta|item: Custap Berry|[consumed]
|
|t:|1634523484
|move|p1a: Carracosta|Ice Beam|p2a: SUAVAMENTE
|-damage|p2a: SUAVAMENTE|50/100
|move|p2a: SUAVAMENTE|Giga Drain|p1a: Carracosta
|-supereffective|p1a: Carracosta
|-damage|p1a: Carracosta|0 fnt
|-heal|p2a: SUAVAMENTE|50/100|[from] drain|[of] p1a: Carracosta
|faint|p1a: Carracosta
|-damage|p2a: SUAVAMENTE|41/100|[from] item: Life Orb
|
|-weather|RainDance|[upkeep]
|upkeep
|
|t:|1634523487
|switch|p1a: Gardevoir|Gardevoir, F|100/100
|-ability|p1a: Gardevoir|Swift Swim|[from] ability: Trace|[of] p2a: SUAVAMENTE
|turn|6
|j| nulxrexy
|l| nulxrexy
|
|t:|1634523499
|switch|p2a: SUPER COMPUTER|Metang|100/100
|-damage|p2a: SUPER COMPUTER|94/100|[from] Stealth Rock
|move|p1a: Gardevoir|Psychic|p2a: SUPER COMPUTER
|-resisted|p2a: SUPER COMPUTER
|-damage|p2a: SUPER COMPUTER|85/100
|
|-weather|RainDance|[upkeep]
|upkeep
|turn|7
|
|t:|1634523508
|switch|p1a: Garbodor|Garbodor, M|100/100
|move|p2a: SUPER COMPUTER|Stealth Rock|p1a: Garbodor
|-sidestart|p1: Cynthia the Lady|move: Stealth Rock
|
|-weather|RainDance|[upkeep]
|upkeep
|turn|8
|
|t:|1634523514
|move|p1a: Garbodor|Spikes|p2a: SUPER COMPUTER
|-sidestart|p2: joey milktank|Spikes
|move|p2a: SUPER COMPUTER|Meteor Mash|p1a: Garbodor
|-damage|p1a: Garbodor|65/100
|-damage|p2a: SUPER COMPUTER|69/100|[from] item: Rocky Helmet|[of] p1a: Garbodor
|
|-weather|RainDance|[upkeep]
|upkeep
|turn|9
|
|t:|1634523539
|switch|p2a: PUMPKIN SPICE|Seismitoad, M, shiny|100/100
|-damage|p2a: PUMPKIN SPICE|88/100|[from] Spikes
|-damage|p2a: PUMPKIN SPICE|82/100|[from] Stealth Rock
|move|p1a: Garbodor|Spikes|p2a: PUMPKIN SPICE
|-sidestart|p2: joey milktank|Spikes
|
|-weather|RainDance|[upkeep]
|upkeep
|turn|10
|
|t:|1634523549
|switch|p1a: Mandibuzz|Mandibuzz, F|100/100
|-damage|p1a: Mandibuzz|76/100|[from] Stealth Rock
|move|p2a: PUMPKIN SPICE|Hydro Pump|p1a: Mandibuzz
|-damage|p1a: Mandibuzz|0 fnt
|faint|p1a: Mandibuzz
|-damage|p2a: PUMPKIN SPICE|72/100|[from] item: Life Orb
|
|-weather|none
|upkeep
|
|t:|1634523555
|switch|p1a: Gardevoir|Gardevoir, F|100/100
|-damage|p1a: Gardevoir|88/100|[from] Stealth Rock
|-ability|p1a: Gardevoir|Swift Swim|[from] ability: Trace|[of] p2a: PUMPKIN SPICE
|turn|11
|
|t:|1634523575
|switch|p2a: SUPER COMPUTER|Metang|69/100
|-damage|p2a: SUPER COMPUTER|52/100|[from] Spikes
|-damage|p2a: SUPER COMPUTER|46/100|[from] Stealth Rock
|move|p1a: Gardevoir|Psychic|p2a: SUPER COMPUTER
|-resisted|p2a: SUPER COMPUTER
|-damage|p2a: SUPER COMPUTER|37/100
|
|upkeep
|turn|12
|
|t:|1634523587
|switch|p1a: Camerupt|Camerupt, F|100/100
|-damage|p1a: Camerupt|88/100|[from] Stealth Rock
|move|p2a: SUPER COMPUTER|Meteor Mash|p1a: Camerupt
|-resisted|p1a: Camerupt
|-damage|p1a: Camerupt|57/100
|
|upkeep
|turn|13
|j| nulxrexy
|
|t:|1634523596
|move|p1a: Camerupt|Fire Blast|p2a: SUPER COMPUTER
|-supereffective|p2a: SUPER COMPUTER
|-damage|p2a: SUPER COMPUTER|0 fnt
|faint|p2a: SUPER COMPUTER
|
|upkeep
|
|t:|1634523602
|switch|p2a: CRANE|Swanna, M|100/100
|-damage|p2a: CRANE|76/100|[from] Stealth Rock
|turn|14
|
|t:|1634523606
|move|p2a: CRANE|Rain Dance|p2a: CRANE
|-weather|RainDance
|move|p1a: Camerupt|Fire Blast|p2a: CRANE
|-resisted|p2a: CRANE
|-damage|p2a: CRANE|43/100
|
|-weather|RainDance|[upkeep]
|upkeep
|turn|15
|j| xbossarux
|
|t:|1634523618
|switch|p1a: Garbodor|Garbodor, M|65/100
|-damage|p1a: Garbodor|52/100|[from] Stealth Rock
|move|p2a: CRANE|Surf|p1a: Garbodor
|-damage|p1a: Garbodor|0 fnt
|faint|p1a: Garbodor
|-damage|p2a: CRANE|33/100|[from] item: Life Orb
|
|-weather|RainDance|[upkeep]
|upkeep
|
|t:|1634523620
|switch|p1a: Gardevoir|Gardevoir, F|88/100
|-damage|p1a: Gardevoir|76/100|[from] Stealth Rock
|-ability|p1a: Gardevoir|Hydration|[from] ability: Trace|[of] p2a: CRANE
|turn|16
|inactive|joey milktank has 120 seconds left.
|
|t:|1634523651
|move|p1a: Gardevoir|Psychic|p2a: CRANE
|-crit|p2a: CRANE
|-damage|p2a: CRANE|0 fnt
|faint|p2a: CRANE
|
|-weather|RainDance|[upkeep]
|upkeep
|inactive|joey milktank has 120 seconds left.
|
|t:|1634523658
|switch|p2a: PUMPKIN SPICE|Seismitoad, M, shiny|72/100
|-damage|p2a: PUMPKIN SPICE|66/100|[from] Stealth Rock
|-damage|p2a: PUMPKIN SPICE|50/100|[from] Spikes
|turn|17
|
|t:|1634523664
|move|p2a: PUMPKIN SPICE|Hydro Pump|p1a: Gardevoir|[miss]
|-miss|p2a: PUMPKIN SPICE|p1a: Gardevoir
|move|p1a: Gardevoir|Psychic|p2a: PUMPKIN SPICE
|-damage|p2a: PUMPKIN SPICE|0 fnt
|faint|p2a: PUMPKIN SPICE
|
|-weather|RainDance|[upkeep]
|upkeep
|c|☆joey milktank|sigh
|inactive|joey milktank has 120 seconds left.
|
|t:|1634523675
|switch|p2a: SUAVAMENTE|Ludicolo, M|41/100
|-damage|p2a: SUAVAMENTE|24/100|[from] Spikes
|-damage|p2a: SUAVAMENTE|12/100|[from] Stealth Rock
|turn|18
|c|☆joey milktank|wow
|
|t:|1634523684
|switch|p1a: Camerupt|Camerupt, F|57/100
|-damage|p1a: Camerupt|44/100|[from] Stealth Rock
|move|p2a: SUAVAMENTE|Hydro Pump|p1a: Camerupt
|-supereffective|p1a: Camerupt
|-damage|p1a: Camerupt|0 fnt
|faint|p1a: Camerupt
|-damage|p2a: SUAVAMENTE|2/100|[from] item: Life Orb
|
|-weather|none
|upkeep
|
|t:|1634523687
|switch|p1a: Gardevoir|Gardevoir, F|76/100
|-damage|p1a: Gardevoir|64/100|[from] Stealth Rock
|-ability|p1a: Gardevoir|Swift Swim|[from] ability: Trace|[of] p2a: SUAVAMENTE
|turn|19
|
|t:|1634523698
|move|p1a: Gardevoir|Psychic|p2a: SUAVAMENTE
|-damage|p2a: SUAVAMENTE|0 fnt
|faint|p2a: SUAVAMENTE
|
|upkeep
|
|t:|1634523702
|switch|p2a: midnight snack|Rotom-Frost|100/100
|-damage|p2a: midnight snack|76/100|[from] Stealth Rock
|turn|20
|
|t:|1634523706
|move|p2a: midnight snack|Thunderbolt|p1a: Gardevoir
|-damage|p1a: Gardevoir|17/100
|-status|p1a: Gardevoir|par
|move|p1a: Gardevoir|Psychic|p2a: midnight snack
|-damage|p2a: midnight snack|13/100
|
|upkeep
|turn|21
|
|t:|1634523713
|move|p2a: midnight snack|Thunderbolt|p1a: Gardevoir
|-damage|p1a: Gardevoir|0 fnt
|faint|p1a: Gardevoir
|
|upkeep
|
|t:|1634523716
|switch|p1a: Gurdurr|Gurdurr, M|100/100
|-damage|p1a: Gurdurr|94/100|[from] Stealth Rock
|turn|22
|c|☆joey milktank|:((
|c|☆joey milktank|gg
|
|t:|1634523732
|move|p1a: Gurdurr|Mach Punch|p2a: midnight snack
|-supereffective|p2a: midnight snack
|-damage|p2a: midnight snack|0 fnt
|faint|p2a: midnight snack
|
|win|Cynthia the Lady
|n|‽Cynthia the Lady|cynthiathelady
|n|☆joey milktank|joeymilktank
|n| BB-8-NU|bb8nu
|n| turtledoggo1|turtledoggo1
|n|+Oathkeepre|oathkeepre
|n| nulxrexy|nulxrexy
|n| xbossarux|xbossarux
