|j|☆matsya nyaya
|j|‽LT81YL mentalsoft
|t:|1625218064
|gametype|singles
|player|p1|matsya nyaya|169|
|player|p2|LT81YL mentalsoft|nate|
|teamsize|p1|6
|teamsize|p2|6
|gen|5
|tier|[Gen 5] LC
|rated|Tournament battle
|rule|Species Clause: Limit one of each Pokémon
|rule|OHKO Clause: OHKO moves are banned
|rule|Moody Clause: Moody is banned
|rule|Evasion Moves Clause: Evasion moves are banned
|rule|Endless Battle Clause: Forcing endless battles is banned
|rule|HP Percentage Mod: HP is shown in percentages
|rule|Sleep Clause: Sleep-inducing moves are banned
|clearpoke
|poke|p1|Timburr, L5, F|item
|poke|p1|Drilbur, L5, M|item
|poke|p1|Porygon, L5|item
|poke|p1|Staryu, L5|item
|poke|p1|Gastly, L5, F|item
|poke|p1|Tentacool, L5, F|item
|poke|p2|Tirtouga, L5, F|item
|poke|p2|Drilbur, L5, M|item
|poke|p2|Snover, L5, M|item
|poke|p2|Timburr, L5, M|item
|poke|p2|Frillish, L5, F|item
|poke|p2|Porygon, L5|item
|teampreview
|j| BB-8-NU
|
|t:|1625218100
|start
|switch|p1a: Staryu|Staryu, L5|100/100
|switch|p2a: Snover|Snover, L5, M|100/100
|-weather|Hail|[from] ability: Snow Warning|[of] p2a: Snover
|turn|1
|inactive|Battle timer is ON: inactive players will automatically lose when time's up. (requested by matsya nyaya)
|
|t:|1625218132
|switch|p1a: Tentacool|Tentacool, L5, F|100/100
|move|p2a: Snover|Hidden Power|p1a: Tentacool
|-supereffective|p1a: Tentacool
|-damage|p1a: Tentacool|66/100
|
|-weather|Hail|[upkeep]
|-damage|p1a: Tentacool|61/100|[from] Hail
|upkeep
|turn|2
|
|t:|1625218151
|move|p2a: Snover|Hidden Power|p1a: Tentacool
|-supereffective|p1a: Tentacool
|-damage|p1a: Tentacool|27/100
|move|p1a: Tentacool|Toxic Spikes|p2a: Snover
|-sidestart|p2: LT81YL mentalsoft|move: Toxic Spikes
|
|-weather|Hail|[upkeep]
|-damage|p1a: Tentacool|22/100|[from] Hail
|upkeep
|turn|3
|inactive|LT81YL mentalsoft has 120 seconds left.
|n|‽LT81YL mentalsoft|lt81ylmentalsoft
|
|t:|1625218184
|switch|p2a: Drilbur|Drilbur, L5, M|100/100
|-status|p2a: Drilbur|psn
|-ability|p2a: Drilbur|Mold Breaker
|switch|p1a: Gastly|Gastly, L5, F|100/100
|
|-weather|Hail|[upkeep]
|-damage|p1a: Gastly|96/100|[from] Hail
|-damage|p2a: Drilbur|96/100 psn|[from] Hail
|-damage|p2a: Drilbur|87/100 psn|[from] psn
|upkeep
|turn|4
|j| ultimate4082
|inactive|LT81YL mentalsoft has 120 seconds left.
|l| ultimate4082
|
|t:|1625218203
|switch|p1a: Staryu|Staryu, L5|100/100
|move|p2a: Drilbur|Earthquake|p1a: Staryu
|-crit|p1a: Staryu
|-damage|p1a: Staryu|0 fnt
|faint|p1a: Staryu
|
|-weather|Hail|[upkeep]
|-damage|p2a: Drilbur|83/100 psn|[from] Hail
|-damage|p2a: Drilbur|74/100 psn|[from] psn
|upkeep
|c|☆matsya nyaya|oh come on
|inactive|matsya nyaya has 120 seconds left.
|inactive|matsya nyaya has 90 seconds left.
|l|‽LT81YL mentalsoft
|inactive|LT81YL mentalsoft disconnected and has a minute to reconnect!
|player|p2|
|
|t:|1625218267
|switch|p1a: Porygon|Porygon, L5|100/100
|-ability|p1a: Porygon|Mold Breaker|[from] ability: Trace|[of] p2a: Drilbur
|-ability|p1a: Porygon|Mold Breaker
|turn|5
|inactive|LT81YL mentalsoft has 30 seconds to reconnect!
|j|‽LT81YL mentalsoft
|inactive|LT81YL mentalsoft reconnected and has 95 seconds left.
|player|p2|LT81YL mentalsoft|nate
|inactive|LT81YL mentalsoft has 90 seconds left.
|
|t:|1625218320
|move|p2a: Drilbur|Earthquake|p1a: Porygon
|-damage|p1a: Porygon|60/100
|move|p1a: Porygon|Ice Beam|p2a: Drilbur
|-supereffective|p2a: Drilbur
|-damage|p2a: Drilbur|5/100 psn
|
|-weather|Hail|[upkeep]
|-damage|p2a: Drilbur|0 fnt|[from] Hail
|-damage|p1a: Porygon|57/100|[from] Hail
|faint|p2a: Drilbur
|upkeep
|l|☆matsya nyaya
|inactive|matsya nyaya disconnected and has a minute to reconnect!
|player|p1|
|
|t:|1625218336
|switch|p2a: Timburr|Timburr, L5, M|100/100
|-status|p2a: Timburr|psn
|turn|6
|j|☆matsya nyaya
|inactive|matsya nyaya reconnected and has 100 seconds left.
|player|p1|matsya nyaya|169
|
|t:|1625218345
|move|p1a: Porygon|Psychic|p2a: Timburr
|-supereffective|p2a: Timburr
|-damage|p2a: Timburr|42/100 psn
|move|p2a: Timburr|Payback|p1a: Porygon
|-crit|p1a: Porygon
|-damage|p1a: Porygon|0 fnt
|faint|p1a: Porygon
|
|-weather|Hail|[upkeep]
|-damage|p2a: Timburr|38/100 psn|[from] Hail
|-damage|p2a: Timburr|25/100 psn|[from] psn
|upkeep
|inactive|matsya nyaya has 90 seconds left.
|
|t:|1625218368
|switch|p1a: Gastly|Gastly, L5, F|96/100
|turn|7
|
|t:|1625218374
|move|p1a: Gastly|Sludge Bomb|p2a: Timburr
|-damage|p2a: Timburr|0 fnt
|faint|p2a: Timburr
|
|-weather|Hail|[upkeep]
|-damage|p1a: Gastly|91/100|[from] Hail
|upkeep
|inactive|LT81YL mentalsoft has 90 seconds left.
|
|t:|1625218385
|switch|p2a: Porygon|Porygon, L5|100/100
|-status|p2a: Porygon|psn
|-ability|p2a: Porygon|Levitate|[from] ability: Trace|[of] p1a: Gastly
|turn|8
|inactive|LT81YL mentalsoft has 90 seconds left.
|
|t:|1625218394
|switch|p1a: Drilbur|Drilbur, L5, M|100/100
|-ability|p1a: Drilbur|Mold Breaker
|move|p2a: Porygon|Psychic|p1a: Drilbur
|-damage|p1a: Drilbur|74/100
|
|-weather|Hail|[upkeep]
|-damage|p1a: Drilbur|70/100|[from] Hail
|-damage|p2a: Porygon|96/100 psn|[from] Hail
|-damage|p2a: Porygon|84/100 psn|[from] psn
|upkeep
|turn|9
|inactive|LT81YL mentalsoft has 90 seconds left.
|inactive|matsya nyaya has 90 seconds left.
|
|t:|1625218419
|switch|p2a: Snover|Snover, L5, M|100/100
|-status|p2a: Snover|psn
|move|p1a: Drilbur|Earthquake|p2a: Snover
|-resisted|p2a: Snover
|-damage|p2a: Snover|50/100 psn
|
|-weather|Hail|[upkeep]
|-damage|p1a: Drilbur|66/100|[from] Hail
|-damage|p2a: Snover|41/100 psn|[from] psn
|upkeep
|turn|10
|inactive|matsya nyaya has 90 seconds left.
|
|t:|1625218433
|switch|p1a: Tentacool|Tentacool, L5, F|22/100
|move|p2a: Snover|Ice Shard|p1a: Tentacool
|-resisted|p1a: Tentacool
|-damage|p1a: Tentacool|9/100
|
|-weather|Hail|[upkeep]
|-damage|p1a: Tentacool|5/100|[from] Hail
|-damage|p2a: Snover|32/100 psn|[from] psn
|upkeep
|turn|11
|inactive|matsya nyaya has 90 seconds left.
|
|t:|1625218445
|switch|p1a: Timburr|Timburr, L5, F|100/100
|move|p2a: Snover|Ice Shard|p1a: Timburr
|-damage|p1a: Timburr|84/100
|
|-weather|Hail|[upkeep]
|-damage|p1a: Timburr|80/100|[from] Hail
|-damage|p2a: Snover|23/100 psn|[from] psn
|upkeep
|turn|12
|inactive|matsya nyaya has 90 seconds left.
|
|t:|1625218450
|switch|p2a: Frillish|Frillish, L5, F|100/100
|-status|p2a: Frillish|psn
|move|p1a: Timburr|Drain Punch|p2a: Frillish
|-immune|p2a: Frillish
|
|-weather|Hail|[upkeep]
|-damage|p1a: Timburr|75/100|[from] Hail
|-damage|p2a: Frillish|96/100 psn|[from] Hail
|-damage|p2a: Frillish|84/100 psn|[from] psn
|upkeep
|turn|13
|
|t:|1625218458
|switch|p1a: Gastly|Gastly, L5, F|91/100
|move|p2a: Frillish|Scald|p1a: Gastly
|-damage|p1a: Gastly|48/100
|-status|p1a: Gastly|brn
|
|-weather|Hail|[upkeep]
|-damage|p1a: Gastly|43/100 brn|[from] Hail
|-damage|p2a: Frillish|80/100 psn|[from] Hail
|-damage|p2a: Frillish|67/100 psn|[from] psn
|-damage|p1a: Gastly|34/100 brn|[from] brn
|upkeep
|turn|14
|
|t:|1625218471
|switch|p2a: Snover|Snover, L5, M|23/100 psn
|move|p1a: Gastly|Sludge Bomb|p2a: Snover
|-supereffective|p2a: Snover
|-damage|p2a: Snover|0 fnt
|faint|p2a: Snover
|
|-weather|Hail|[upkeep]
|-damage|p1a: Gastly|29/100 brn|[from] Hail
|-damage|p1a: Gastly|20/100 brn|[from] brn
|upkeep
|
|t:|1625218477
|switch|p2a: Tirtouga|Tirtouga, L5, F|100/100
|-status|p2a: Tirtouga|psn
|turn|15
|
|t:|1625218486
|move|p1a: Gastly|Shadow Ball|p2a: Tirtouga
|-damage|p2a: Tirtouga|55/100 psn
|move|p2a: Tirtouga|Shell Smash|p2a: Tirtouga
|-unboost|p2a: Tirtouga|def|1
|-unboost|p2a: Tirtouga|spd|1
|-boost|p2a: Tirtouga|atk|2
|-boost|p2a: Tirtouga|spa|2
|-boost|p2a: Tirtouga|spe|2
|
|-weather|Hail|[upkeep]
|-damage|p2a: Tirtouga|50/100 psn|[from] Hail
|-damage|p1a: Gastly|15/100 brn|[from] Hail
|-damage|p2a: Tirtouga|41/100 psn|[from] psn
|-damage|p1a: Gastly|5/100 brn|[from] brn
|upkeep
|turn|16
|j| kalifguest22
|inactive|LT81YL mentalsoft has 120 seconds left.
|
|t:|1625218512
|move|p2a: Tirtouga|Waterfall|p1a: Gastly
|-damage|p1a: Gastly|0 fnt
|faint|p1a: Gastly
|
|-weather|Hail|[upkeep]
|-damage|p2a: Tirtouga|37/100 psn|[from] Hail
|-damage|p2a: Tirtouga|28/100 psn|[from] psn
|upkeep
|
|t:|1625218514
|switch|p1a: Timburr|Timburr, L5, F|75/100
|turn|17
|
|t:|1625218517
|move|p2a: Tirtouga|Aqua Jet|p1a: Timburr
|-damage|p1a: Timburr|38/100
|move|p1a: Timburr|Mach Punch|p2a: Tirtouga
|-supereffective|p2a: Tirtouga
|-damage|p2a: Tirtouga|0 fnt
|faint|p2a: Tirtouga
|
|-weather|Hail|[upkeep]
|-damage|p1a: Timburr|34/100|[from] Hail
|upkeep
|
|t:|1625218528
|switch|p2a: Frillish|Frillish, L5, F|67/100 psn
|turn|18
|
|t:|1625218533
|move|p1a: Timburr|Bulk Up|p1a: Timburr
|-boost|p1a: Timburr|atk|1
|-boost|p1a: Timburr|def|1
|move|p2a: Frillish|Scald|p1a: Timburr
|-damage|p1a: Timburr|5/100
|-status|p1a: Timburr|brn
|
|-weather|Hail|[upkeep]
|-damage|p1a: Timburr|0 fnt|[from] Hail
|-damage|p2a: Frillish|63/100 psn|[from] Hail
|faint|p1a: Timburr
|-damage|p2a: Frillish|50/100 psn|[from] psn
|upkeep
|
|t:|1625218537
|switch|p1a: Tentacool|Tentacool, L5, F|5/100
|turn|19
|
|t:|1625218545
|move|p1a: Tentacool|Giga Drain|p2a: Frillish
|-supereffective|p2a: Frillish
|-damage|p2a: Frillish|17/100 psn
|-heal|p1a: Tentacool|22/100|[from] drain|[of] p2a: Frillish
|-start|p1a: Tentacool|Disable|Giga Drain|[from] ability: Cursed Body|[of] p2a: Frillish
|move|p2a: Frillish|Recover|p2a: Frillish
|-heal|p2a: Frillish|67/100 psn
|
|-weather|Hail|[upkeep]
|-damage|p1a: Tentacool|18/100|[from] Hail
|-damage|p2a: Frillish|63/100 psn|[from] Hail
|-damage|p2a: Frillish|50/100 psn|[from] psn
|upkeep
|turn|20
|
|t:|1625218551
|move|p1a: Tentacool|Knock Off|p2a: Frillish
|-supereffective|p2a: Frillish
|-damage|p2a: Frillish|42/100 psn
|-enditem|p2a: Frillish|Eviolite|[from] move: Knock Off|[of] p1a: Tentacool
|move|p2a: Frillish|Recover|p2a: Frillish
|-heal|p2a: Frillish|92/100 psn
|
|-weather|Hail|[upkeep]
|-damage|p1a: Tentacool|14/100|[from] Hail
|-damage|p2a: Frillish|88/100 psn|[from] Hail
|-damage|p2a: Frillish|75/100 psn|[from] psn
|upkeep
|turn|21
|
|t:|1625218564
|move|p1a: Tentacool|Knock Off|p2a: Frillish
|-supereffective|p2a: Frillish
|-damage|p2a: Frillish|67/100 psn
|move|p2a: Frillish|Recover|p2a: Frillish
|-heal|p2a: Frillish|100/100 psn
|
|-weather|Hail|[upkeep]
|-damage|p1a: Tentacool|9/100|[from] Hail
|-damage|p2a: Frillish|96/100 psn|[from] Hail
|-damage|p2a: Frillish|84/100 psn|[from] psn
|upkeep
|turn|22
|
|t:|1625218568
|move|p1a: Tentacool|Knock Off|p2a: Frillish
|-supereffective|p2a: Frillish
|-damage|p2a: Frillish|67/100 psn
|move|p2a: Frillish|Scald|p1a: Tentacool
|-resisted|p1a: Tentacool
|-damage|p1a: Tentacool|0 fnt
|faint|p1a: Tentacool
|
|-weather|Hail|[upkeep]
|-damage|p2a: Frillish|63/100 psn|[from] Hail
|-damage|p2a: Frillish|50/100 psn|[from] psn
|upkeep
|
|t:|1625218571
|switch|p1a: Drilbur|Drilbur, L5, M|66/100
|-ability|p1a: Drilbur|Mold Breaker
|turn|23
|
|t:|1625218574
|move|p1a: Drilbur|Earthquake|p2a: Frillish
|-damage|p2a: Frillish|0 fnt
|faint|p2a: Frillish
|
|-weather|Hail|[upkeep]
|-damage|p1a: Drilbur|61/100|[from] Hail
|upkeep
|
|t:|1625218578
|switch|p2a: Porygon|Porygon, L5|84/100 psn
|-ability|p2a: Porygon|Mold Breaker|[from] ability: Trace|[of] p1a: Drilbur
|-ability|p2a: Porygon|Mold Breaker
|turn|24
|
|t:|1625218595
|move|p1a: Drilbur|Earthquake|p2a: Porygon
|-damage|p2a: Porygon|44/100 psn
|move|p2a: Porygon|Tri Attack|p1a: Drilbur
|-damage|p1a: Drilbur|18/100
|
|-weather|Hail|[upkeep]
|-damage|p1a: Drilbur|14/100|[from] Hail
|-damage|p2a: Porygon|40/100 psn|[from] Hail
|-damage|p2a: Porygon|29/100 psn|[from] psn
|upkeep
|turn|25
|inactive|LT81YL mentalsoft has 120 seconds left.
|
|t:|1625218642
|move|p1a: Drilbur|Earthquake|p2a: Porygon
|-damage|p2a: Porygon|0 fnt
|faint|p2a: Porygon
|
|win|matsya nyaya
|n| BB-8-NU|bb8nu
|n|‽LT81YL mentalsoft|lt81ylmentalsoft
|n|☆matsya nyaya|matsyanyaya
|n| kalifguest22|kalifguest22
|l| BB-8-NU
|l| kalifguest22
|j| Saurav The Great
|l|☆matsya nyaya
|l|‽LT81YL mentalsoft
