|j|☆rexxonmobile
|j|☆TheBestCoffee
|t:|1643947148
|gametype|singles
|player|p1|rexxonmobile|266|1243
|player|p2|TheBestCoffee|petrel|1041
|teamsize|p1|6
|teamsize|p2|6
|gen|5
|tier|[Gen 5] OU
|rated|
|rule|Species Clause: Limit one of each Pokémon
|rule|OHKO Clause: OHKO moves are banned
|rule|Moody Clause: Moody is banned
|rule|Evasion Moves Clause: Evasion moves are banned
|rule|Endless Battle Clause: Forcing endless battles is banned
|rule|HP Percentage Mod: HP is shown in percentages
|rule|Evasion Abilities Clause: Evasion abilities are banned
|rule|Sleep Clause: Sleep-inducing moves are banned
|rule|Swagger Clause: Swagger is banned
|clearpoke
|poke|p1|Landorus-Therian, M|item
|poke|p1|Rotom-Wash|item
|poke|p1|Scizor, F|item
|poke|p1|Espeon, F|item
|poke|p1|Infernape, M|item
|poke|p1|Jolteon, M|item
|poke|p2|Rotom-Wash|item
|poke|p2|Clefable, M|item
|poke|p2|Heatran, F|item
|poke|p2|Porygon-Z|item
|poke|p2|Gyarados, F|item
|poke|p2|Hitmontop, M|item
|teampreview
|
|t:|1643947178
|start
|switch|p1a: Infernape|Infernape, M|100/100
|switch|p2a: Rotom|Rotom-Wash|100/100
|turn|1
|
|t:|1643947192
|move|p2a: Rotom|Volt Switch|p1a: Infernape
|-damage|p1a: Infernape|56/100
|
|t:|1643947202
|switch|p2a: Gyarados|Gyarados, F|100/100|[from]move: Volt Switch
|-ability|p2a: Gyarados|Intimidate|boost
|-unboost|p1a: Infernape|atk|1
|move|p1a: Infernape|U-turn|p2a: Gyarados
|-resisted|p2a: Gyarados
|-damage|p2a: Gyarados|93/100
|
|t:|1643947210
|switch|p1a: Jolteon|Jolteon, M|100/100|[from]move: U-turn
|
|-heal|p2a: Gyarados|99/100|[from] item: Leftovers
|upkeep
|turn|2
|
|t:|1643947233
|switch|p2a: Clefable|Clefable, M|100/100
|move|p1a: Jolteon|Volt Switch|p2a: Clefable
|-damage|p2a: Clefable|77/100
|
|t:|1643947240
|switch|p1a: Infernape|Infernape, M|56/100|[from]move: Volt Switch
|
|-heal|p2a: Clefable|83/100|[from] item: Leftovers
|upkeep
|turn|3
|
|t:|1643947253
|move|p2a: Clefable|Protect|p2a: Clefable
|-singleturn|p2a: Clefable|Protect
|move|p1a: Infernape|U-turn|p2a: Clefable
|-activate|p2a: Clefable|move: Protect
|
|-heal|p2a: Clefable|90/100|[from] item: Leftovers
|upkeep
|turn|4
|
|t:|1643947273
|switch|p2a: Rotom|Rotom-Wash|100/100
|move|p1a: Infernape|Stealth Rock|p2a: Rotom
|-sidestart|p2: TheBestCoffee|move: Stealth Rock
|
|upkeep
|turn|5
|
|t:|1643947301
|switch|p1a: Rotom|Rotom-Wash|100/100
|move|p2a: Rotom|Volt Switch|p1a: Rotom
|-damage|p1a: Rotom|57/100
|
|t:|1643947321
|switch|p2a: Hitmontop|Hitmontop, M|100/100|[from]move: Volt Switch
|-damage|p2a: Hitmontop|94/100|[from] Stealth Rock
|-ability|p2a: Hitmontop|Intimidate|boost
|-unboost|p1a: Rotom|atk|1
|
|upkeep
|turn|6
|
|t:|1643947330
|move|p2a: Hitmontop|Fake Out|p1a: Rotom
|-damage|p1a: Rotom|37/100
|-damage|p2a: Hitmontop|84/100|[from] item: Life Orb
|cant|p1a: Rotom|flinch
|
|upkeep
|turn|7
|
|t:|1643947344
|move|p2a: Hitmontop|Sucker Punch||[still]
|-fail|p2a: Hitmontop
|move|p1a: Rotom|Will-O-Wisp|p2a: Hitmontop
|-status|p2a: Hitmontop|brn
|
|-damage|p2a: Hitmontop|72/100 brn|[from] brn
|upkeep
|turn|8
|
|t:|1643947357
|switch|p1a: Espeon|Espeon, F|100/100
|move|p2a: Hitmontop|Rapid Spin|p1a: Espeon
|-damage|p1a: Espeon|95/100
|-sideend|p2: TheBestCoffee|Stealth Rock|[from] move: Rapid Spin|[of] p2a: Hitmontop
|-damage|p2a: Hitmontop|62/100 brn|[from] item: Life Orb
|
|-heal|p1a: Espeon|100/100|[from] item: Leftovers
|-damage|p2a: Hitmontop|49/100 brn|[from] brn
|upkeep
|turn|9
|
|t:|1643947374
|switch|p2a: Clefable|Clefable, M|90/100
|move|p1a: Espeon|Psychic|p2a: Clefable
|-damage|p2a: Clefable|64/100
|
|-heal|p2a: Clefable|71/100|[from] item: Leftovers
|upkeep
|turn|10
|
|t:|1643947394
|switch|p1a: Rotom|Rotom-Wash|37/100
|move|p2a: Clefable|Knock Off|p1a: Rotom
|-damage|p1a: Rotom|32/100
|-enditem|p1a: Rotom|Choice Scarf|[from] move: Knock Off|[of] p2a: Clefable
|
|-heal|p2a: Clefable|77/100|[from] item: Leftovers
|upkeep
|turn|11
|
|t:|1643947410
|move|p2a: Clefable|Protect|p2a: Clefable
|-singleturn|p2a: Clefable|Protect
|move|p1a: Rotom|Volt Switch|p2a: Clefable
|-activate|p2a: Clefable|move: Protect
|
|-heal|p2a: Clefable|83/100|[from] item: Leftovers
|upkeep
|turn|12
|
|t:|1643947423
|move|p1a: Rotom|Will-O-Wisp|p2a: Clefable
|-status|p2a: Clefable|brn
|move|p2a: Clefable|Seismic Toss|p1a: Rotom
|-damage|p1a: Rotom|0 fnt
|faint|p1a: Rotom
|
|-heal|p2a: Clefable|89/100 brn|[from] item: Leftovers
|upkeep
|
|t:|1643947430
|switch|p1a: Infernape|Infernape, M|56/100
|turn|13
|
|t:|1643947445
|switch|p2a: Hitmontop|Hitmontop, M|49/100 brn
|-ability|p2a: Hitmontop|Intimidate|boost
|-unboost|p1a: Infernape|atk|1
|move|p1a: Infernape|Stealth Rock|p2a: Hitmontop
|-sidestart|p2: TheBestCoffee|move: Stealth Rock
|
|-damage|p2a: Hitmontop|37/100 brn|[from] brn
|upkeep
|turn|14
|
|t:|1643947468
|switch|p1a: Scizor|Scizor, F|100/100
|move|p2a: Hitmontop|Fake Out|p1a: Scizor
|-resisted|p1a: Scizor
|-damage|p1a: Scizor|96/100
|-damage|p2a: Hitmontop|27/100 brn|[from] item: Life Orb
|
|-heal|p1a: Scizor|100/100|[from] item: Leftovers
|-damage|p2a: Hitmontop|15/100 brn|[from] brn
|upkeep
|turn|15
|
|t:|1643947479
|move|p1a: Scizor|Bullet Punch|p2a: Hitmontop
|-damage|p2a: Hitmontop|0 fnt
|faint|p2a: Hitmontop
|
|upkeep
|
|t:|1643947558
|switch|p2a: Gyarados|Gyarados, F|99/100
|-damage|p2a: Gyarados|74/100|[from] Stealth Rock
|-ability|p2a: Gyarados|Intimidate|boost
|-unboost|p1a: Scizor|atk|1
|turn|16
|
|t:|1643947572
|switch|p1a: Jolteon|Jolteon, M|100/100
|move|p2a: Gyarados|Dragon Dance|p2a: Gyarados
|-boost|p2a: Gyarados|atk|1
|-boost|p2a: Gyarados|spe|1
|
|-heal|p2a: Gyarados|80/100|[from] item: Leftovers
|upkeep
|turn|17
|
|t:|1643947605
|move|p1a: Jolteon|Volt Switch|p2a: Gyarados
|-supereffective|p2a: Gyarados
|-damage|p2a: Gyarados|0 fnt
|faint|p2a: Gyarados
|
|t:|1643947621
|switch|p1a: Landorus|Landorus-Therian, M|100/100|[from]move: Volt Switch
|
|upkeep
|
|t:|1643947665
|switch|p2a: Heatran|Heatran, F|100/100
|-damage|p2a: Heatran|88/100|[from] Stealth Rock
|-item|p2a: Heatran|Air Balloon
|turn|18
|
|t:|1643947672
|move|p1a: Landorus|U-turn|p2a: Heatran
|-resisted|p2a: Heatran
|-damage|p2a: Heatran|83/100
|-enditem|p2a: Heatran|Air Balloon
|
|t:|1643947677
|switch|p1a: Infernape|Infernape, M|56/100|[from]move: U-turn
|move|p2a: Heatran|Stealth Rock|p1a: Infernape
|-sidestart|p1: rexxonmobile|move: Stealth Rock
|
|upkeep
|turn|19
|
|t:|1643947687
|move|p1a: Infernape|Close Combat|p2a: Heatran
|-supereffective|p2a: Heatran
|-damage|p2a: Heatran|3/100
|-unboost|p1a: Infernape|def|1
|-unboost|p1a: Infernape|spd|1
|move|p2a: Heatran|Earth Power|p1a: Infernape
|-supereffective|p1a: Infernape
|-damage|p1a: Infernape|0 fnt
|faint|p1a: Infernape
|
|upkeep
|
|t:|1643947701
|switch|p1a: Landorus|Landorus-Therian, M|100/100
|-damage|p1a: Landorus|88/100|[from] Stealth Rock
|-ability|p1a: Landorus|Intimidate|boost
|-unboost|p2a: Heatran|atk|1
|turn|20
|
|t:|1643947709
|move|p1a: Landorus|U-turn|p2a: Heatran
|-resisted|p2a: Heatran
|-damage|p2a: Heatran|0 fnt
|faint|p2a: Heatran
|
|t:|1643947713
|switch|p1a: Espeon|Espeon, F|100/100|[from]move: U-turn
|-damage|p1a: Espeon|88/100|[from] Stealth Rock
|
|-heal|p1a: Espeon|94/100|[from] item: Leftovers
|upkeep
|
|t:|1643947745
|switch|p2a: Clefable|Clefable, M|89/100 brn
|turn|21
|
|t:|1643947751
|move|p1a: Espeon|Calm Mind|p1a: Espeon
|-boost|p1a: Espeon|spa|1
|-boost|p1a: Espeon|spd|1
|move|p2a: Clefable|Knock Off|p1a: Espeon
|-supereffective|p1a: Espeon
|-damage|p1a: Espeon|89/100
|-enditem|p1a: Espeon|Leftovers|[from] move: Knock Off|[of] p2a: Clefable
|
|-heal|p2a: Clefable|95/100 brn|[from] item: Leftovers
|upkeep
|turn|22
|
|t:|1643947762
|move|p1a: Espeon|Calm Mind|p1a: Espeon
|-boost|p1a: Espeon|spa|1
|-boost|p1a: Espeon|spd|1
|move|p2a: Clefable|Seismic Toss|p1a: Espeon
|-damage|p1a: Espeon|59/100
|
|-heal|p2a: Clefable|100/100 brn|[from] item: Leftovers
|upkeep
|turn|23
|
|t:|1643947771
|move|p1a: Espeon|Psychic|p2a: Clefable
|-crit|p2a: Clefable
|-damage|p2a: Clefable|0 fnt
|faint|p2a: Clefable
|
|upkeep
|
|t:|1643947778
|switch|p2a: Rotom|Rotom-Wash|100/100
|-damage|p2a: Rotom|88/100|[from] Stealth Rock
|turn|24
|
|t:|1643947791
|move|p2a: Rotom|Volt Switch|p1a: Espeon
|-damage|p1a: Espeon|45/100
|
|t:|1643947793
|switch|p2a: Porygon-Z|Porygon-Z|100/100|[from]move: Volt Switch
|-damage|p2a: Porygon-Z|88/100|[from] Stealth Rock
|move|p1a: Espeon|Psychic|p2a: Porygon-Z
|-damage|p2a: Porygon-Z|0 fnt
|faint|p2a: Porygon-Z
|
|upkeep
|-message|TheBestCoffee forfeited.
|
|win|rexxonmobile
|raw|rexxonmobile's rating: 1243 &rarr; <strong>1255</strong><br />(+12 for winning)
|raw|TheBestCoffee's rating: 1041 &rarr; <strong>1033</strong><br />(-8 for losing)
|l|☆TheBestCoffee
