|j|☆Jeran 重力
|j|☆crystal vince
|t:|1633280448
|gametype|singles
|player|p1|Jeran 重力|argenta|
|player|p2|crystal vince|byron|
|teamsize|p1|6
|teamsize|p2|6
|gen|5
|tier|[Gen 5] NU
|rule|Species Clause: Limit one of each Pokémon
|rule|OHKO Clause: OHKO moves are banned
|rule|Moody Clause: Moody is banned
|rule|Evasion Moves Clause: Evasion moves are banned
|rule|Endless Battle Clause: Forcing endless battles is banned
|rule|HP Percentage Mod: HP is shown in percentages
|rule|Evasion Abilities Clause: Evasion abilities are banned
|rule|Baton Pass Clause: Limit one Baton Passer, can't pass Spe and other stats simultaneously
|rule|Swagger Clause: Swagger is banned
|rule|Sleep Clause Mod: Limit one foe put to sleep
|clearpoke
|poke|p1|Golurk|item
|poke|p1|Sawk, M|item
|poke|p1|Skuntank, F|item
|poke|p1|Rotom-Fan|item
|poke|p1|Samurott, M|item
|poke|p1|Musharna, M|item
|poke|p2|Kadabra, F|item
|poke|p2|Eelektross, F|item
|poke|p2|Mandibuzz, F|item
|poke|p2|Tauros, M|item
|poke|p2|Seismitoad, M|item
|poke|p2|Roselia, M|item
|teampreview
|inactive|Battle timer is ON: inactive players will automatically lose when time's up. (requested by Jeran 重力)
|
|t:|1633280467
|start
|switch|p1a: Sawk|Sawk, M|100/100
|switch|p2a: Seismitoad|Seismitoad, M|100/100
|-ability|p1a: Sawk|Mold Breaker
|turn|1
|
|t:|1633280474
|move|p1a: Sawk|Close Combat|p2a: Seismitoad
|-damage|p2a: Seismitoad|37/100
|-unboost|p1a: Sawk|def|1
|-unboost|p1a: Sawk|spd|1
|move|p2a: Seismitoad|Toxic|p1a: Sawk
|-status|p1a: Sawk|tox
|
|-heal|p2a: Seismitoad|43/100|[from] item: Leftovers
|-damage|p1a: Sawk|94/100 tox|[from] psn
|upkeep
|turn|2
|
|t:|1633280486
|switch|p2a: Mandibuzz|Mandibuzz, F|100/100
|move|p1a: Sawk|Close Combat|p2a: Mandibuzz
|-damage|p2a: Mandibuzz|52/100
|-unboost|p1a: Sawk|def|1
|-unboost|p1a: Sawk|spd|1
|
|-heal|p2a: Mandibuzz|58/100|[from] item: Leftovers
|-damage|p1a: Sawk|82/100 tox|[from] psn
|upkeep
|turn|3
|
|t:|1633280498
|switch|p1a: Rotom|Rotom-Fan|100/100
|move|p2a: Mandibuzz|Foul Play|p1a: Rotom
|-damage|p1a: Rotom|77/100
|
|-heal|p2a: Mandibuzz|64/100|[from] item: Leftovers
|upkeep
|turn|4
|
|t:|1633280507
|switch|p2a: Seismitoad|Seismitoad, M|43/100
|move|p1a: Rotom|Trick|p2a: Seismitoad
|-activate|p1a: Rotom|move: Trick|[of] p2a: Seismitoad
|-item|p2a: Seismitoad|Choice Scarf|[from] move: Trick
|-item|p1a: Rotom|Leftovers|[from] move: Trick
|
|-heal|p1a: Rotom|83/100|[from] item: Leftovers
|upkeep
|turn|5
|
|t:|1633280518
|move|p1a: Rotom|Air Slash|p2a: Seismitoad
|-damage|p2a: Seismitoad|10/100
|move|p2a: Seismitoad|Stealth Rock|p1a: Rotom
|-sidestart|p1: Jeran 重力|move: Stealth Rock
|
|-heal|p1a: Rotom|89/100|[from] item: Leftovers
|upkeep
|turn|6
|
|t:|1633280532
|move|p1a: Rotom|Air Slash|p2a: Seismitoad
|-damage|p2a: Seismitoad|0 fnt
|faint|p2a: Seismitoad
|
|-heal|p1a: Rotom|96/100|[from] item: Leftovers
|upkeep
|
|t:|1633280539
|switch|p2a: Tauros|Tauros, M|100/100
|turn|7
|
|t:|1633280546
|move|p2a: Tauros|Rock Climb|p1a: Rotom|[miss]
|-miss|p2a: Tauros|p1a: Rotom
|move|p1a: Rotom|Volt Switch|p2a: Tauros
|-damage|p2a: Tauros|53/100
|
|t:|1633280552
|switch|p1a: Golurk|Golurk|100/100|[from]move: Volt Switch
|-damage|p1a: Golurk|94/100|[from] Stealth Rock
|
|-heal|p1a: Golurk|100/100|[from] item: Leftovers
|upkeep
|turn|8
|
|t:|1633280562
|move|p2a: Tauros|Pursuit|p1a: Golurk
|-supereffective|p1a: Golurk
|-damage|p1a: Golurk|67/100
|-damage|p2a: Tauros|43/100|[from] item: Life Orb
|move|p1a: Golurk|Dynamic Punch|p2a: Tauros
|-supereffective|p2a: Tauros
|-damage|p2a: Tauros|0 fnt
|faint|p2a: Tauros
|
|-heal|p1a: Golurk|73/100|[from] item: Leftovers
|upkeep
|
|t:|1633280577
|switch|p2a: Roselia|Roselia, M|100/100
|turn|9
|
|t:|1633280588
|move|p2a: Roselia|Stun Spore|p1a: Golurk
|-status|p1a: Golurk|par
|cant|p1a: Golurk|par
|
|-heal|p1a: Golurk|79/100 par|[from] item: Leftovers
|upkeep
|turn|10
|
|t:|1633280601
|switch|p1a: Skuntank|Skuntank, F|100/100
|-damage|p1a: Skuntank|88/100|[from] Stealth Rock
|move|p2a: Roselia|Spikes|p1a: Skuntank
|-sidestart|p1: Jeran 重力|Spikes
|
|-heal|p1a: Skuntank|94/100|[from] item: Black Sludge
|upkeep
|turn|11
|
|t:|1633280610
|move|p1a: Skuntank|Taunt|p2a: Roselia
|-start|p2a: Roselia|move: Taunt
|cant|p2a: Roselia|move: Taunt|Stun Spore
|
|-heal|p1a: Skuntank|99/100|[from] item: Black Sludge
|upkeep
|turn|12
|
|t:|1633280628
|move|p1a: Skuntank|Pursuit|p2a: Roselia
|-damage|p2a: Roselia|75/100
|move|p2a: Roselia|Hidden Power|p1a: Skuntank
|-supereffective|p1a: Skuntank
|-damage|p1a: Skuntank|62/100
|
|-heal|p1a: Skuntank|68/100|[from] item: Black Sludge
|upkeep
|turn|13
|
|t:|1633280639
|move|p1a: Skuntank|Crunch|p2a: Roselia
|-damage|p2a: Roselia|26/100
|move|p2a: Roselia|Hidden Power|p1a: Skuntank
|-supereffective|p1a: Skuntank
|-damage|p1a: Skuntank|28/100
|
|-heal|p1a: Skuntank|34/100|[from] item: Black Sludge
|-end|p2a: Roselia|move: Taunt
|upkeep
|turn|14
|
|t:|1633280650
|switch|p2a: Eelektross|Eelektross, F|100/100
|move|p1a: Skuntank|Crunch|p2a: Eelektross
|-damage|p2a: Eelektross|59/100
|-unboost|p2a: Eelektross|def|1
|
|-heal|p1a: Skuntank|40/100|[from] item: Black Sludge
|-heal|p2a: Eelektross|65/100|[from] item: Leftovers
|upkeep
|turn|15
|
|t:|1633280671
|switch|p1a: Golurk|Golurk|79/100 par
|-damage|p1a: Golurk|73/100 par|[from] Stealth Rock
|-damage|p1a: Golurk|61/100 par|[from] Spikes
|move|p2a: Eelektross|Volt Switch|p1a: Golurk
|-immune|p1a: Golurk
|
|-heal|p2a: Eelektross|71/100|[from] item: Leftovers
|-heal|p1a: Golurk|67/100 par|[from] item: Leftovers
|upkeep
|turn|16
|
|t:|1633280683
|move|p2a: Eelektross|Giga Drain|p1a: Golurk
|-supereffective|p1a: Golurk
|-damage|p1a: Golurk|26/100 par
|-heal|p2a: Eelektross|93/100|[from] drain|[of] p1a: Golurk
|move|p1a: Golurk|Stealth Rock|p2a: Eelektross
|-sidestart|p2: crystal vince|move: Stealth Rock
|
|-heal|p2a: Eelektross|99/100|[from] item: Leftovers
|-heal|p1a: Golurk|32/100 par|[from] item: Leftovers
|upkeep
|turn|17
|
|t:|1633280694
|move|p2a: Eelektross|Giga Drain|p1a: Golurk
|-supereffective|p1a: Golurk
|-damage|p1a: Golurk|0 fnt
|-heal|p2a: Eelektross|100/100|[from] drain|[of] p1a: Golurk
|faint|p1a: Golurk
|
|upkeep
|
|t:|1633280697
|switch|p1a: Sawk|Sawk, M|82/100 tox
|-damage|p1a: Sawk|76/100 tox|[from] Stealth Rock
|-damage|p1a: Sawk|64/100 tox|[from] Spikes
|-ability|p1a: Sawk|Mold Breaker
|turn|18
|
|t:|1633280707
|switch|p2a: Mandibuzz|Mandibuzz, F|64/100
|-damage|p2a: Mandibuzz|39/100|[from] Stealth Rock
|move|p1a: Sawk|Close Combat|p2a: Mandibuzz
|-damage|p2a: Mandibuzz|0 fnt
|-unboost|p1a: Sawk|def|1
|-unboost|p1a: Sawk|spd|1
|faint|p2a: Mandibuzz
|
|-damage|p1a: Sawk|57/100 tox|[from] psn
|upkeep
|
|t:|1633280723
|switch|p2a: Kadabra|Kadabra, F|100/100
|turn|19
|
|t:|1633280727
|switch|p1a: Rotom|Rotom-Fan|96/100
|-damage|p1a: Rotom|71/100|[from] Stealth Rock
|move|p2a: Kadabra|Psychic|p1a: Rotom
|-damage|p1a: Rotom|8/100
|
|-heal|p1a: Rotom|15/100|[from] item: Leftovers
|upkeep
|turn|20
|
|t:|1633280736
|move|p2a: Kadabra|Psychic|p1a: Rotom
|-damage|p1a: Rotom|0 fnt
|faint|p1a: Rotom
|
|upkeep
|
|t:|1633280738
|switch|p1a: Skuntank|Skuntank, F|40/100
|-damage|p1a: Skuntank|28/100|[from] Stealth Rock
|-damage|p1a: Skuntank|15/100|[from] Spikes
|turn|21
|
|t:|1633280746
|switch|p2a: Roselia|Roselia, M|26/100
|-damage|p2a: Roselia|13/100|[from] Stealth Rock
|move|p1a: Skuntank|Sucker Punch||[still]
|-fail|p1a: Skuntank
|
|-heal|p1a: Skuntank|21/100|[from] item: Black Sludge
|upkeep
|turn|22
|
|t:|1633280760
|move|p1a: Skuntank|Crunch|p2a: Roselia
|-damage|p2a: Roselia|0 fnt
|faint|p2a: Roselia
|
|-heal|p1a: Skuntank|27/100|[from] item: Black Sludge
|upkeep
|
|t:|1633280767
|switch|p2a: Eelektross|Eelektross, F|100/100
|-damage|p2a: Eelektross|88/100|[from] Stealth Rock
|turn|23
|
|t:|1633280773
|move|p1a: Skuntank|Crunch|p2a: Eelektross
|-damage|p2a: Eelektross|47/100
|move|p2a: Eelektross|Thunderbolt|p1a: Skuntank
|-damage|p1a: Skuntank|0 fnt
|faint|p1a: Skuntank
|
|-heal|p2a: Eelektross|53/100|[from] item: Leftovers
|upkeep
|
|t:|1633280776
|switch|p1a: Sawk|Sawk, M|57/100 tox
|-damage|p1a: Sawk|45/100 tox|[from] Spikes
|-damage|p1a: Sawk|39/100 tox|[from] Stealth Rock
|-ability|p1a: Sawk|Mold Breaker
|turn|24
|
|t:|1633280791
|move|p1a: Sawk|Close Combat|p2a: Eelektross
|-damage|p2a: Eelektross|0 fnt
|-unboost|p1a: Sawk|def|1
|-unboost|p1a: Sawk|spd|1
|faint|p2a: Eelektross
|
|-damage|p1a: Sawk|33/100 tox|[from] psn
|upkeep
|
|t:|1633280800
|switch|p2a: Kadabra|Kadabra, F|100/100
|turn|25
|
|t:|1633280804
|move|p2a: Kadabra|Psychic|p1a: Sawk
|-supereffective|p1a: Sawk
|-crit|p1a: Sawk
|-damage|p1a: Sawk|0 fnt
|faint|p1a: Sawk
|
|upkeep
|
|t:|1633280805
|switch|p1a: Musharna|Musharna, M|100/100
|-damage|p1a: Musharna|88/100|[from] Spikes
|-damage|p1a: Musharna|76/100|[from] Stealth Rock
|turn|26
|
|t:|1633280814
|move|p2a: Kadabra|Psychic|p1a: Musharna
|-resisted|p1a: Musharna
|-damage|p1a: Musharna|56/100
|-unboost|p1a: Musharna|spd|1
|move|p1a: Musharna|Signal Beam|p2a: Kadabra
|-supereffective|p2a: Kadabra
|-crit|p2a: Kadabra
|-damage|p2a: Kadabra|0 fnt
|faint|p2a: Kadabra
|
|win|Jeran 重力
|c|☆Jeran 重力|gg
|c|☆crystal vince|Gg
|l|☆crystal vince
|j|☆crystal vince
|player|p2|crystal vince|byron
