|j|☆joey milktank
|j|☆meri berry❧
|t:|1641707969
|gametype|singles
|player|p1|joey milktank|whitney-gen2|
|player|p2|meri berry❧|#scl1platoon|
|teamsize|p1|6
|teamsize|p2|6
|gen|5
|tier|[Gen 5] NU
|rated|Tournament battle
|rule|Species Clause: Limit one of each Pokémon
|rule|OHKO Clause: OHKO moves are banned
|rule|Moody Clause: Moody is banned
|rule|Evasion Moves Clause: Evasion moves are banned
|rule|Endless Battle Clause: Forcing endless battles is banned
|rule|HP Percentage Mod: HP is shown in percentages
|rule|Evasion Abilities Clause: Evasion abilities are banned
|rule|Swagger Clause: Swagger is banned
|rule|Baton Pass Clause: Limit one Baton Passer, can't pass Spe and other stats simultaneously
|rule|Sleep Clause Mod: Limit one foe put to sleep
|clearpoke
|poke|p1|Volbeat, M|item
|poke|p1|Swanna, M|item
|poke|p1|Ludicolo, M|item
|poke|p1|Metang|item
|poke|p1|Seismitoad, M|item
|poke|p1|Rotom-Frost|item
|poke|p2|Primeape, M|item
|poke|p2|Golurk|item
|poke|p2|Alomomola, F|item
|poke|p2|Garbodor, M|item
|poke|p2|Skuntank, F|item
|poke|p2|Rotom-Frost|item
|teampreview
|j|*BB-8-NU
|j|@Oathkeeper
|j|#roxiee
|j| ShadySableye77
|j| gringa lover
|j|@pokeslice
|j|+Togkey
|
|t:|1641707988
|start
|switch|p1a: FIRE FLYS|Volbeat, M|100/100
|switch|p2a: Garbodor|Garbodor, M|100/100
|turn|1
|j| ace king no good
|
|t:|1641707993
|move|p1a: FIRE FLYS|Rain Dance|p1a: FIRE FLYS
|-weather|RainDance
|move|p2a: Garbodor|Rock Blast|p1a: FIRE FLYS
|-supereffective|p1a: FIRE FLYS
|-damage|p1a: FIRE FLYS|89/100
|-supereffective|p1a: FIRE FLYS
|-damage|p1a: FIRE FLYS|78/100
|-supereffective|p1a: FIRE FLYS
|-damage|p1a: FIRE FLYS|65/100
|-hitcount|p1a: FIRE FLYS|3
|
|-weather|RainDance|[upkeep]
|upkeep
|turn|2
|
|t:|1641708006
|move|p1a: FIRE FLYS|Thunder Wave|p2a: Garbodor
|-status|p2a: Garbodor|par
|cant|p2a: Garbodor|par
|
|-weather|RainDance|[upkeep]
|upkeep
|turn|3
|j|+MARCU5theBAW5
|
|t:|1641708012
|switch|p1a: PUMPKIN SPICE|Seismitoad, M, shiny|100/100
|move|p2a: Garbodor|Toxic|p1a: PUMPKIN SPICE
|-status|p1a: PUMPKIN SPICE|tox
|
|-weather|RainDance|[upkeep]
|-damage|p1a: PUMPKIN SPICE|95/100 tox|[from] psn
|upkeep
|turn|4
|c|#roxiee|nasty flavor..
|c|#roxiee|LOL
|j|%Aawin
|
|t:|1641708026
|switch|p2a: Alomomola|Alomomola, F|100/100
|move|p1a: PUMPKIN SPICE|Hydro Pump|p2a: Alomomola
|-resisted|p2a: Alomomola
|-damage|p2a: Alomomola|52/100
|-damage|p1a: PUMPKIN SPICE|85/100 tox|[from] item: Life Orb
|
|-weather|RainDance|[upkeep]
|-heal|p2a: Alomomola|59/100|[from] item: Leftovers
|-damage|p1a: PUMPKIN SPICE|73/100 tox|[from] psn
|upkeep
|turn|5
|
|t:|1641708038
|switch|p1a: SUAVAMENTE|Ludicolo, M|100/100
|move|p2a: Alomomola|Protect||[still]
|-fail|p2a: Alomomola
|
|-weather|RainDance|[upkeep]
|-heal|p2a: Alomomola|65/100|[from] item: Leftovers
|upkeep
|turn|6
|
|t:|1641708052
|switch|p2a: Skuntank|Skuntank, F|100/100
|move|p1a: SUAVAMENTE|Hydro Pump|p2a: Skuntank
|-crit|p2a: Skuntank
|-damage|p2a: Skuntank|0 fnt
|faint|p2a: Skuntank
|-damage|p1a: SUAVAMENTE|91/100|[from] item: Life Orb
|
|-weather|RainDance|[upkeep]
|upkeep
|
|t:|1641708054
|switch|p2a: Alomomola|Alomomola, F|98/100
|turn|7
|c| gringa lover|SUSVEMENTE
|c| gringa lover|BESAME
|
|t:|1641708071
|move|p1a: SUAVAMENTE|Giga Drain|p2a: Alomomola
|-supereffective|p2a: Alomomola
|-damage|p2a: Alomomola|13/100
|-heal|p1a: SUAVAMENTE|100/100|[from] drain|[of] p2a: Alomomola
|-damage|p1a: SUAVAMENTE|91/100|[from] item: Life Orb
|move|p2a: Alomomola|Mirror Coat|p1a: SUAVAMENTE
|-damage|p1a: SUAVAMENTE|0 fnt
|faint|p1a: SUAVAMENTE
|
|-weather|RainDance|[upkeep]
|-heal|p2a: Alomomola|20/100|[from] item: Leftovers
|upkeep
|c| gringa lover|quiero sentir tus labios
|c| gringa lover|besando me otra vez
|
|t:|1641708082
|switch|p1a: SUPER COMPUTER|Metang|100/100
|turn|8
|
|t:|1641708089
|switch|p2a: Garbodor|Garbodor, M|100/100 par
|move|p1a: SUPER COMPUTER|Stealth Rock|p2a: Garbodor
|-sidestart|p2: meri berry❧|move: Stealth Rock
|
|-weather|none
|upkeep
|turn|9
|c|☆joey milktank|ouch
|
|t:|1641708096
|move|p1a: SUPER COMPUTER|Meteor Mash|p2a: Garbodor|[miss]
|-miss|p1a: SUPER COMPUTER|p2a: Garbodor
|cant|p2a: Garbodor|par
|
|upkeep
|turn|10
|j|%GW
|c|☆meri berry❧|just let me move one time
|
|t:|1641708104
|move|p1a: SUPER COMPUTER|Meteor Mash|p2a: Garbodor
|-crit|p2a: Garbodor
|-damage|p2a: Garbodor|40/100 par
|-boost|p1a: SUPER COMPUTER|atk|1
|-damage|p1a: SUPER COMPUTER|84/100|[from] item: Rocky Helmet|[of] p2a: Garbodor
|move|p2a: Garbodor|Spikes|p1a: SUPER COMPUTER
|-sidestart|p1: joey milktank|Spikes
|
|upkeep
|turn|11
|c|☆meri berry❧|u have to be kidding
|
|t:|1641708114
|move|p1a: SUPER COMPUTER|Meteor Mash|p2a: Garbodor
|-damage|p2a: Garbodor|0 fnt
|-damage|p1a: SUPER COMPUTER|59/100|[from] ability: Aftermath|[of] p2a: Garbodor
|-damage|p1a: SUPER COMPUTER|42/100|[from] item: Rocky Helmet|[of] p2a: Garbodor
|faint|p2a: Garbodor
|
|upkeep
|c| ShadySableye77|rip
|c|%Aawin|outskilled
|j| lucariobonerush
|
|t:|1641708122
|switch|p2a: Primeape|Primeape, M|100/100
|-damage|p2a: Primeape|95/100|[from] Stealth Rock
|turn|12
|
|t:|1641708127
|move|p1a: SUPER COMPUTER|Bullet Punch|p2a: Primeape
|-damage|p2a: Primeape|50/100
|move|p2a: Primeape|Close Combat|p1a: SUPER COMPUTER
|-damage|p1a: SUPER COMPUTER|0 fnt
|-unboost|p2a: Primeape|def|1
|-unboost|p2a: Primeape|spd|1
|faint|p1a: SUPER COMPUTER
|
|upkeep
|
|t:|1641708136
|switch|p1a: FIRE FLYS|Volbeat, M|65/100
|-damage|p1a: FIRE FLYS|53/100|[from] Spikes
|turn|13
|
|t:|1641708141
|move|p1a: FIRE FLYS|Rain Dance|p1a: FIRE FLYS
|-weather|RainDance
|move|p2a: Primeape|Close Combat|p1a: FIRE FLYS
|-resisted|p1a: FIRE FLYS
|-damage|p1a: FIRE FLYS|10/100
|-unboost|p2a: Primeape|def|1
|-unboost|p2a: Primeape|spd|1
|
|-weather|RainDance|[upkeep]
|upkeep
|turn|14
|
|t:|1641708152
|move|p2a: Primeape|Close Combat|p1a: FIRE FLYS
|-resisted|p1a: FIRE FLYS
|-crit|p1a: FIRE FLYS
|-damage|p1a: FIRE FLYS|0 fnt
|-unboost|p2a: Primeape|def|1
|-unboost|p2a: Primeape|spd|1
|faint|p1a: FIRE FLYS
|
|-weather|RainDance|[upkeep]
|upkeep
|
|t:|1641708165
|switch|p1a: PUMPKIN SPICE|Seismitoad, M, shiny|73/100 tox
|-damage|p1a: PUMPKIN SPICE|60/100 tox|[from] Spikes
|turn|15
|
|t:|1641708171
|move|p1a: PUMPKIN SPICE|Hydro Pump|p2a: Primeape
|-damage|p2a: Primeape|0 fnt
|faint|p2a: Primeape
|-damage|p1a: PUMPKIN SPICE|50/100 tox|[from] item: Life Orb
|
|-weather|RainDance|[upkeep]
|-damage|p1a: PUMPKIN SPICE|44/100 tox|[from] psn
|upkeep
|
|t:|1641708173
|switch|p2a: Alomomola|Alomomola, F|53/100
|-damage|p2a: Alomomola|40/100|[from] Stealth Rock
|turn|16
|
|t:|1641708181
|move|p2a: Alomomola|Protect|p2a: Alomomola
|-singleturn|p2a: Alomomola|Protect
|move|p1a: PUMPKIN SPICE|Sludge Bomb|p2a: Alomomola
|-activate|p2a: Alomomola|move: Protect
|
|-weather|RainDance|[upkeep]
|-heal|p2a: Alomomola|47/100|[from] item: Leftovers
|-damage|p1a: PUMPKIN SPICE|32/100 tox|[from] psn
|upkeep
|turn|17
|
|t:|1641708191
|switch|p2a: Golurk|Golurk|100/100
|-damage|p2a: Golurk|94/100|[from] Stealth Rock
|move|p1a: PUMPKIN SPICE|Sludge Bomb|p2a: Golurk
|-resisted|p2a: Golurk
|-crit|p2a: Golurk
|-damage|p2a: Golurk|73/100
|-status|p2a: Golurk|psn
|-damage|p1a: PUMPKIN SPICE|22/100 tox|[from] item: Life Orb
|
|-weather|RainDance|[upkeep]
|-heal|p2a: Golurk|79/100 psn|[from] item: Leftovers
|-damage|p1a: PUMPKIN SPICE|4/100 tox|[from] psn
|-damage|p2a: Golurk|67/100 psn|[from] psn
|upkeep
|turn|18
|
|t:|1641708205
|move|p1a: PUMPKIN SPICE|Hydro Pump|p2a: Golurk
|-supereffective|p2a: Golurk
|-damage|p2a: Golurk|0 fnt
|faint|p2a: Golurk
|-damage|p1a: PUMPKIN SPICE|0 fnt|[from] item: Life Orb
|faint|p1a: PUMPKIN SPICE
|
|-weather|RainDance|[upkeep]
|upkeep
|
|t:|1641708221
|switch|p1a: midnight snack|Rotom-Frost|100/100
|switch|p2a: Rotom|Rotom-Frost|100/100
|-damage|p2a: Rotom|76/100|[from] Stealth Rock
|turn|19
|
|t:|1641708228
|move|p2a: Rotom|Thunderbolt|p1a: midnight snack
|-resisted|p1a: midnight snack
|-damage|p1a: midnight snack|70/100
|move|p1a: midnight snack|Thunderbolt|p2a: Rotom
|-resisted|p2a: Rotom
|-damage|p2a: Rotom|47/100
|
|-weather|RainDance|[upkeep]
|upkeep
|turn|20
|
|t:|1641708236
|move|p2a: Rotom|Thunderbolt|p1a: midnight snack
|-resisted|p1a: midnight snack
|-damage|p1a: midnight snack|44/100
|move|p1a: midnight snack|Thunderbolt|p2a: Rotom
|-resisted|p2a: Rotom
|-damage|p2a: Rotom|17/100
|
|-weather|none
|upkeep
|turn|21
|
|t:|1641708243
|move|p1a: midnight snack|Thunderbolt|p2a: Rotom
|-resisted|p2a: Rotom
|-damage|p2a: Rotom|0 fnt
|faint|p2a: Rotom
|
|upkeep
|c| ShadySableye77|frost vs frost
|
|t:|1641708244
|switch|p2a: Alomomola|Alomomola, F|80/100
|-damage|p2a: Alomomola|67/100|[from] Stealth Rock
|turn|22
|
|t:|1641708250
|move|p2a: Alomomola|Protect|p2a: Alomomola
|-singleturn|p2a: Alomomola|Protect
|move|p1a: midnight snack|Thunderbolt|p2a: Alomomola
|-activate|p2a: Alomomola|move: Protect
|
|-heal|p2a: Alomomola|74/100|[from] item: Leftovers
|upkeep
|turn|23
|c|☆joey milktank|gg
|
|t:|1641708259
|move|p1a: midnight snack|Thunderbolt|p2a: Alomomola
|-supereffective|p2a: Alomomola
|-damage|p2a: Alomomola|0 fnt
|faint|p2a: Alomomola
|
|win|joey milktank
|n|☆joey milktank|joeymilktank
|n|☆meri berry❧|meriberry
|n| BB-8-NU|bb8nu
|n|+Oathkeeper|oathkeeper
|n|+roxiee|roxiee
|n| ShadySableye77|shadysableye77
|n| gringa lover|gringalover
|n| pokeslice|pokeslice
|n| Togkey|togkey
|n| ace king no good|acekingnogood
|n|+MARCU5theBAW5|marcu5thebaw5
|n| Aawin|aawin
|n| GW|gw
|n| lucariobonerush|lucariobonerush
