|j|☆quziel
|j|‽Faultson
|t:|1636160029
|gametype|singles
|player|p1|quziel|grimsley|
|player|p2|Faultson|cynthia|
|teamsize|p1|6
|teamsize|p2|6
|gen|5
|tier|[Gen 5] NU
|rated|Tournament battle
|rule|Species Clause: Limit one of each Pokémon
|rule|OHKO Clause: OHKO moves are banned
|rule|Moody Clause: Moody is banned
|rule|Evasion Moves Clause: Evasion moves are banned
|rule|Endless Battle Clause: Forcing endless battles is banned
|rule|HP Percentage Mod: HP is shown in percentages
|rule|Evasion Abilities Clause: Evasion abilities are banned
|rule|Baton Pass Clause: Limit one Baton Passer, can't pass Spe and other stats simultaneously
|rule|Swagger Clause: Swagger is banned
|rule|Sleep Clause Mod: Limit one foe put to sleep
|clearpoke
|poke|p1|Serperior, F|item
|poke|p1|Mawile, M|item
|poke|p1|Musharna, M|mail
|poke|p1|Ninjask, M|item
|poke|p1|Eelektross, F|item
|poke|p1|Misdreavus, F|item
|poke|p2|Swellow, F|item
|poke|p2|Kangaskhan, F|item
|poke|p2|Zangoose, F|item
|poke|p2|Gothorita, M|item
|poke|p2|Golurk|item
|poke|p2|Rotom-Frost|item
|teampreview
|j| BB-8-NU
|j| zngtt
|j| deno_nemesis
|c|☆quziel|glhf
|j| a1012
|j|@Tranquilityy
|
|t:|1636160046
|start
|switch|p1a: Ninjask|Ninjask, M|100/100
|switch|p2a: Golurk|Golurk|100/100
|turn|1
|
|t:|1636160050
|move|p1a: Ninjask|Substitute|p1a: Ninjask
|-start|p1a: Ninjask|Substitute
|-damage|p1a: Ninjask|76/100
|move|p2a: Golurk|Stealth Rock|p1a: Ninjask
|-sidestart|p1: quziel|move: Stealth Rock
|
|-heal|p1a: Ninjask|82/100|[from] item: Leftovers
|-ability|p1a: Ninjask|Speed Boost|boost
|-boost|p1a: Ninjask|spe|1
|upkeep
|turn|2
|
|t:|1636160053
|move|p1a: Ninjask|Protect|p1a: Ninjask
|-singleturn|p1a: Ninjask|Protect
|move|p2a: Golurk|Ice Punch|p1a: Ninjask
|-activate|p1a: Ninjask|move: Protect
|
|-heal|p1a: Ninjask|88/100|[from] item: Leftovers
|-ability|p1a: Ninjask|Speed Boost|boost
|-boost|p1a: Ninjask|spe|1
|upkeep
|turn|3
|inactive|Battle timer is ON: inactive players will automatically lose when time's up. (requested by Faultson)
|
|t:|1636160072
|move|p1a: Ninjask|Baton Pass|p1a: Ninjask
|
|t:|1636160076
|switch|p1a: Eelektross|Eelektross, F|100/100|[from]move: Baton Pass
|-damage|p1a: Eelektross|88/100|[from] Stealth Rock
|move|p2a: Golurk|Shadow Punch|p1a: Eelektross
|-end|p1a: Eelektross|Substitute
|
|upkeep
|turn|4
|j| Yathze
|
|t:|1636160104
|move|p1a: Eelektross|Giga Drain|p2a: Golurk
|-supereffective|p2a: Golurk
|-damage|p2a: Golurk|24/100
|-heal|p1a: Eelektross|100/100|[from] drain|[of] p2a: Golurk
|move|p2a: Golurk|Shadow Punch|p1a: Eelektross
|-damage|p1a: Eelektross|48/100
|
|upkeep
|turn|5
|
|t:|1636160109
|switch|p2a: Swellow|Swellow, F|100/100
|move|p1a: Eelektross|Giga Drain|p2a: Swellow
|-resisted|p2a: Swellow
|-damage|p2a: Swellow|74/100
|-heal|p1a: Eelektross|59/100|[from] drain|[of] p2a: Swellow
|
|-status|p2a: Swellow|tox|[from] item: Toxic Orb
|upkeep
|turn|6
|
|t:|1636160113
|move|p2a: Swellow|Quick Attack|p1a: Eelektross
|-damage|p1a: Eelektross|27/100
|move|p1a: Eelektross|Thunderbolt|p2a: Swellow
|-supereffective|p2a: Swellow
|-damage|p2a: Swellow|0 fnt
|faint|p2a: Swellow
|
|upkeep
|
|t:|1636160116
|switch|p2a: Kangaskhan|Kangaskhan, F|100/100
|turn|7
|
|t:|1636160118
|move|p2a: Kangaskhan|Fake Out|p1a: Eelektross
|-damage|p1a: Eelektross|0 fnt
|faint|p1a: Eelektross
|
|upkeep
|
|t:|1636160123
|switch|p1a: Ninjask|Ninjask, M|88/100
|-damage|p1a: Ninjask|38/100|[from] Stealth Rock
|turn|8
|
|t:|1636160126
|move|p1a: Ninjask|Substitute|p1a: Ninjask
|-start|p1a: Ninjask|Substitute
|-damage|p1a: Ninjask|13/100
|move|p2a: Kangaskhan|Double-Edge|p1a: Ninjask
|-end|p1a: Ninjask|Substitute
|-damage|p2a: Kangaskhan|93/100|[from] Recoil|[of] p1a: Ninjask
|
|-heal|p1a: Ninjask|19/100|[from] item: Leftovers
|-ability|p1a: Ninjask|Speed Boost|boost
|-boost|p1a: Ninjask|spe|1
|upkeep
|turn|9
|
|t:|1636160130
|move|p1a: Ninjask|Protect|p1a: Ninjask
|-singleturn|p1a: Ninjask|Protect
|move|p2a: Kangaskhan|Double-Edge|p1a: Ninjask
|-activate|p1a: Ninjask|move: Protect
|
|-heal|p1a: Ninjask|25/100|[from] item: Leftovers
|-ability|p1a: Ninjask|Speed Boost|boost
|-boost|p1a: Ninjask|spe|1
|upkeep
|turn|10
|
|t:|1636160135
|move|p1a: Ninjask|Baton Pass|p1a: Ninjask
|
|t:|1636160137
|switch|p1a: Musharna|Musharna, M|100/100|[from]move: Baton Pass
|-damage|p1a: Musharna|88/100|[from] Stealth Rock
|move|p2a: Kangaskhan|Double-Edge|p1a: Musharna
|-damage|p1a: Musharna|23/100
|-damage|p2a: Kangaskhan|66/100|[from] Recoil
|
|upkeep
|turn|11
|j| Arsenic is Good
|l| Arsenic is Good
|
|t:|1636160148
|switch|p2a: Golurk|Golurk|24/100
|move|p1a: Musharna|Moonlight|p1a: Musharna
|-heal|p1a: Musharna|73/100
|
|upkeep
|turn|12
|
|t:|1636160150
|move|p1a: Musharna|Stored Power|p2a: Golurk
|-damage|p2a: Golurk|0 fnt
|faint|p2a: Golurk
|
|upkeep
|j| TopLel TopKek
|
|t:|1636160165
|switch|p2a: Gothorita|Gothorita, M|100/100
|turn|13
|
|t:|1636160168
|move|p1a: Musharna|Calm Mind|p1a: Musharna
|-boost|p1a: Musharna|spa|1
|-boost|p1a: Musharna|spd|1
|move|p2a: Gothorita|Trick||[still]
|-fail|p2a: Gothorita
|
|upkeep
|turn|14
|
|t:|1636160178
|switch|p2a: Kangaskhan|Kangaskhan, F|66/100
|move|p1a: Musharna|Calm Mind|p1a: Musharna
|-boost|p1a: Musharna|spa|1
|-boost|p1a: Musharna|spd|1
|
|upkeep
|turn|15
|c| TopLel TopKek|nice set
|
|t:|1636160180
|move|p2a: Kangaskhan|Fake Out|p1a: Musharna
|-damage|p1a: Musharna|53/100
|cant|p1a: Musharna|flinch
|
|upkeep
|turn|16
|
|t:|1636160185
|move|p2a: Kangaskhan|Sucker Punch|p1a: Musharna
|-supereffective|p1a: Musharna
|-damage|p1a: Musharna|10/100
|move|p1a: Musharna|Stored Power|p2a: Kangaskhan
|-damage|p2a: Kangaskhan|0 fnt
|faint|p2a: Kangaskhan
|
|upkeep
|
|t:|1636160188
|switch|p2a: Zangoose|Zangoose, F|100/100
|turn|17
|
|t:|1636160189
|move|p2a: Zangoose|Quick Attack|p1a: Musharna
|-damage|p1a: Musharna|0 fnt
|faint|p1a: Musharna
|
|-status|p2a: Zangoose|tox|[from] item: Toxic Orb
|upkeep
|
|t:|1636160195
|switch|p1a: Misdreavus|Misdreavus, F|100/100
|-damage|p1a: Misdreavus|88/100|[from] Stealth Rock
|turn|18
|
|t:|1636160199
|move|p2a: Zangoose|Night Slash|p1a: Misdreavus
|-supereffective|p1a: Misdreavus
|-damage|p1a: Misdreavus|2/100
|move|p1a: Misdreavus|Thunderbolt|p2a: Zangoose
|-damage|p2a: Zangoose|54/100 tox
|
|-damage|p2a: Zangoose|48/100 tox|[from] psn
|upkeep
|turn|19
|
|t:|1636160206
|move|p2a: Zangoose|Night Slash|p1a: Misdreavus
|-supereffective|p1a: Misdreavus
|-crit|p1a: Misdreavus
|-damage|p1a: Misdreavus|0 fnt
|faint|p1a: Misdreavus
|
|-damage|p2a: Zangoose|36/100 tox|[from] psn
|upkeep
|
|t:|1636160208
|switch|p1a: Serperior|Serperior, F|100/100
|-damage|p1a: Serperior|88/100|[from] Stealth Rock
|turn|20
|
|t:|1636160214
|move|p2a: Zangoose|Quick Attack|p1a: Serperior
|-crit|p1a: Serperior
|-damage|p1a: Serperior|17/100
|move|p1a: Serperior|Giga Drain|p2a: Zangoose
|-damage|p2a: Zangoose|0 fnt
|-heal|p1a: Serperior|35/100|[from] drain|[of] p2a: Zangoose
|faint|p2a: Zangoose
|-damage|p1a: Serperior|25/100|[from] item: Life Orb
|
|upkeep
|j| PMMDP
|
|t:|1636160227
|switch|p2a: Gothorita|Gothorita, M|100/100
|turn|21
|
|t:|1636160230
|move|p1a: Serperior|Taunt|p2a: Gothorita
|-start|p2a: Gothorita|move: Taunt
|move|p2a: Gothorita|Psychic|p1a: Serperior
|-damage|p1a: Serperior|0 fnt
|faint|p1a: Serperior
|
|upkeep
|j|+Estronic
|
|t:|1636160232
|switch|p1a: Mawile|Mawile, M|100/100
|-damage|p1a: Mawile|94/100|[from] Stealth Rock
|turn|22
|
|t:|1636160235
|move|p2a: Gothorita|Psychic|p1a: Mawile
|-resisted|p1a: Mawile
|-damage|p1a: Mawile|33/100
|move|p1a: Mawile|Swords Dance|p1a: Mawile
|-boost|p1a: Mawile|atk|2
|
|upkeep
|turn|23
|
|t:|1636160239
|move|p1a: Mawile|Sucker Punch|p2a: Gothorita
|-supereffective|p2a: Gothorita
|-damage|p2a: Gothorita|0 fnt
|faint|p2a: Gothorita
|-damage|p1a: Mawile|23/100|[from] item: Life Orb
|
|upkeep
|
|t:|1636160242
|switch|p2a: Rotom|Rotom-Frost|100/100
|turn|24
|
|t:|1636160247
|move|p1a: Mawile|Sucker Punch|p2a: Rotom
|-damage|p2a: Rotom|22/100
|-damage|p1a: Mawile|13/100|[from] item: Life Orb
|move|p2a: Rotom|Thunderbolt|p1a: Mawile
|-damage|p1a: Mawile|0 fnt
|faint|p1a: Mawile
|
|upkeep
|
|t:|1636160249
|switch|p1a: Ninjask|Ninjask, M|25/100
|-damage|p1a: Ninjask|0 fnt|[from] Stealth Rock
|faint|p1a: Ninjask
|
|win|Faultson
|n|☆quziel|quziel
|n|‽Faultson|faultson
|n| BB-8-NU|bb8nu
|n| zngtt|zngtt
|n| deno_nemesis|denonemesis
|n| a1012|a1012
|n|+Tranquilityy|tranquilityy
|n| Yathze|yathze
|n| TopLel TopKek|topleltopkek
|n| PMMDP|pmmdp
|n|+Estronic|estronic
|l| BB-8-NU
|c|☆quziel|gg
|l| a1012
|l|‽Faultson
|l| Yathze
|l| zngtt
|l|☆quziel
|l| PMMDP
|l| TopLel TopKek
