|j|☆godofsamurais
|j|☆shndj
|t:|1641126818
|gametype|singles
|player|p1|godofsamurais|red|1000
|player|p2|shndj|parasollady-gen4|1047
|teamsize|p1|6
|teamsize|p2|6
|gen|5
|tier|[Gen 5] NU
|rated|
|rule|Species Clause: Limit one of each Pokémon
|rule|OHKO Clause: OHKO moves are banned
|rule|Moody Clause: Moody is banned
|rule|Evasion Moves Clause: Evasion moves are banned
|rule|Endless Battle Clause: Forcing endless battles is banned
|rule|HP Percentage Mod: HP is shown in percentages
|rule|Evasion Abilities Clause: Evasion abilities are banned
|rule|Swagger Clause: Swagger is banned
|rule|Baton Pass Clause: Limit one Baton Passer, can't pass Spe and other stats simultaneously
|rule|Sleep Clause Mod: Limit one foe put to sleep
|clearpoke
|poke|p1|Basculin-Blue-Striped, M|item
|poke|p1|Garbodor, M|item
|poke|p1|Zangoose, M|item
|poke|p1|Eelektross, M|item
|poke|p1|Kadabra, M|item
|poke|p1|Roselia, F|item
|poke|p2|Drifblim, M|item
|poke|p2|Gorebyss, M|item
|poke|p2|Piloswine, M|item
|poke|p2|Braviary, M|item
|poke|p2|Ludicolo, F|item
|poke|p2|Ditto|item
|teampreview
|c|☆godofsamurais|glhf
|c|☆shndj|u2
|
|t:|1641126842
|start
|switch|p1a: Eelektross|Eelektross, M|100/100
|switch|p2a: Piloswine|Piloswine, M|100/100
|turn|1
|
|t:|1641126850
|move|p1a: Eelektross|Coil|p1a: Eelektross
|-boost|p1a: Eelektross|atk|1
|-boost|p1a: Eelektross|def|1
|-boost|p1a: Eelektross|accuracy|1
|move|p2a: Piloswine|Icicle Crash|p1a: Eelektross
|-damage|p1a: Eelektross|66/100
|
|upkeep
|turn|2
|
|t:|1641126858
|move|p1a: Eelektross|Aqua Tail|p2a: Piloswine
|-supereffective|p2a: Piloswine
|-damage|p2a: Piloswine|45/100
|move|p2a: Piloswine|Icicle Crash|p1a: Eelektross
|-damage|p1a: Eelektross|27/100
|
|upkeep
|turn|3
|
|t:|1641126864
|switch|p2a: Ludicolo|Ludicolo, F|100/100
|move|p1a: Eelektross|Aqua Tail|p2a: Ludicolo
|-resisted|p2a: Ludicolo
|-damage|p2a: Ludicolo|83/100
|
|upkeep
|turn|4
|
|t:|1641126871
|move|p2a: Ludicolo|Rain Dance|p2a: Ludicolo
|-weather|RainDance
|move|p1a: Eelektross|Thunder Punch|p2a: Ludicolo
|-damage|p2a: Ludicolo|7/100
|
|-weather|RainDance|[upkeep]
|upkeep
|turn|5
|
|t:|1641126876
|move|p2a: Ludicolo|Surf|p1a: Eelektross
|-damage|p1a: Eelektross|0 fnt
|faint|p1a: Eelektross
|-damage|p2a: Ludicolo|0 fnt|[from] item: Life Orb
|faint|p2a: Ludicolo
|
|-weather|RainDance|[upkeep]
|upkeep
|
|t:|1641126881
|switch|p2a: Gorebyss|Gorebyss, M|100/100
|switch|p1a: Zangoose|Zangoose, M|100/100
|turn|6
|
|t:|1641126890
|move|p2a: Gorebyss|Shell Smash|p2a: Gorebyss
|-unboost|p2a: Gorebyss|def|1
|-unboost|p2a: Gorebyss|spd|1
|-boost|p2a: Gorebyss|atk|2
|-boost|p2a: Gorebyss|spa|2
|-boost|p2a: Gorebyss|spe|2
|move|p1a: Zangoose|Night Slash|p2a: Gorebyss
|-damage|p2a: Gorebyss|59/100
|
|-weather|RainDance|[upkeep]
|-status|p1a: Zangoose|tox|[from] item: Toxic Orb
|upkeep
|turn|7
|
|t:|1641126898
|move|p2a: Gorebyss|Surf|p1a: Zangoose
|-damage|p1a: Zangoose|0 fnt
|faint|p1a: Zangoose
|
|-weather|RainDance|[upkeep]
|upkeep
|
|t:|1641126906
|switch|p1a: Basculin|Basculin-Blue-Striped, M|100/100
|turn|8
|
|t:|1641126914
|move|p2a: Gorebyss|Hidden Power|p1a: Basculin
|-supereffective|p1a: Basculin
|-damage|p1a: Basculin|0 fnt
|faint|p1a: Basculin
|
|-weather|none
|upkeep
|
|t:|1641126917
|switch|p1a: Garbodor|Garbodor, M|100/100
|turn|9
|
|t:|1641126921
|move|p2a: Gorebyss|Surf|p1a: Garbodor
|-damage|p1a: Garbodor|0 fnt
|faint|p1a: Garbodor
|
|upkeep
|
|t:|1641126925
|switch|p1a: Kadabra|Kadabra, M|100/100
|turn|10
|
|t:|1641126932
|move|p2a: Gorebyss|Surf|p1a: Kadabra
|-damage|p1a: Kadabra|0 fnt
|faint|p1a: Kadabra
|
|upkeep
|
|t:|1641126935
|switch|p1a: Roselia|Roselia, F|100/100
|turn|11
|
|t:|1641126939
|move|p2a: Gorebyss|Ice Beam|p1a: Roselia
|-supereffective|p1a: Roselia
|-damage|p1a: Roselia|0 fnt
|faint|p1a: Roselia
|
|win|shndj
|raw|godofsamurais's rating: 1000 &rarr; <strong>1000</strong><br />(+0 for losing)
|raw|shndj's rating: 1047 &rarr; <strong>1076</strong><br />(+29 for winning)
|c|☆shndj|ggs
|c|☆godofsamurais|ggs
|l|☆godofsamurais
