|j|☆cb aaron judge
|j|☆pinktidal
|t:|1637206013
|gametype|singles
|player|p1|cb aaron judge|burglar|
|player|p2|pinktidal|iris-gen5bw2|
|teamsize|p1|6
|teamsize|p2|6
|gen|5
|tier|[Gen 5] NU
|rule|Species Clause: Limit one of each Pokémon
|rule|OHKO Clause: OHKO moves are banned
|rule|Moody Clause: Moody is banned
|rule|Evasion Moves Clause: Evasion moves are banned
|rule|Endless Battle Clause: Forcing endless battles is banned
|rule|HP Percentage Mod: HP is shown in percentages
|rule|Evasion Abilities Clause: Evasion abilities are banned
|rule|Swagger Clause: Swagger is banned
|rule|Baton Pass Clause: Limit one Baton Passer, can't pass Spe and other stats simultaneously
|rule|Sleep Clause Mod: Limit one foe put to sleep
|clearpoke
|poke|p1|Garbodor, M|item
|poke|p1|Scraggy, M|item
|poke|p1|Carracosta, M|item
|poke|p1|Rotom-Fan|item
|poke|p1|Piloswine, M|item
|poke|p1|Gardevoir, F|item
|poke|p2|Braviary, M|item
|poke|p2|Alomomola, F|item
|poke|p2|Serperior, F|item
|poke|p2|Drilbur, F|item
|poke|p2|Garbodor, F|item
|poke|p2|Rotom-Frost|item
|teampreview
|c|☆pinktidal|scarg
|c|☆pinktidal|nice
|c|☆pinktidal|scraggy
|
|t:|1637206111
|start
|switch|p1a: cochon aveugle|Piloswine, M|100/100
|switch|p2a: Drilbur|Drilbur, F|100/100
|-ability|p2a: Drilbur|Mold Breaker
|turn|1
|
|t:|1637206134
|move|p2a: Drilbur|Stealth Rock|p1a: cochon aveugle
|-sidestart|p1: cb aaron judge|move: Stealth Rock
|move|p1a: cochon aveugle|Icicle Spear|p2a: Drilbur
|-supereffective|p2a: Drilbur
|-damage|p2a: Drilbur|59/100
|-supereffective|p2a: Drilbur
|-damage|p2a: Drilbur|19/100
|-supereffective|p2a: Drilbur
|-damage|p2a: Drilbur|0 fnt
|faint|p2a: Drilbur
|-hitcount|p2: Drilbur|3
|
|upkeep
|
|t:|1637206150
|switch|p2a: Garbodor|Garbodor, F|100/100
|turn|2
|
|t:|1637206165
|move|p2a: Garbodor|Spikes|p1a: cochon aveugle
|-sidestart|p1: cb aaron judge|Spikes
|move|p1a: cochon aveugle|Earthquake|p2a: Garbodor
|-supereffective|p2a: Garbodor
|-damage|p2a: Garbodor|32/100
|
|upkeep
|turn|3
|
|t:|1637206219
|move|p2a: Garbodor|Pain Split|p1a: cochon aveugle
|-sethp|p1a: cochon aveugle|65/100|[from] move: Pain Split|[silent]
|-sethp|p2a: Garbodor|72/100|[from] move: Pain Split
|move|p1a: cochon aveugle|Stealth Rock|p2a: Garbodor
|-sidestart|p2: pinktidal|move: Stealth Rock
|
|upkeep
|turn|4
|
|t:|1637206225
|move|p2a: Garbodor|Spikes|p1a: cochon aveugle
|-sidestart|p1: cb aaron judge|Spikes
|move|p1a: cochon aveugle|Earthquake|p2a: Garbodor
|-supereffective|p2a: Garbodor
|-damage|p2a: Garbodor|0 fnt
|faint|p2a: Garbodor
|
|upkeep
|
|t:|1637206227
|switch|p2a: Serperior|Serperior, F|100/100
|-damage|p2a: Serperior|88/100|[from] Stealth Rock
|turn|5
|
|t:|1637206234
|move|p2a: Serperior|Giga Drain|p1a: cochon aveugle
|-supereffective|p1a: cochon aveugle
|-damage|p1a: cochon aveugle|3/100
|-heal|p2a: Serperior|100/100|[from] drain|[of] p1a: cochon aveugle
|-damage|p2a: Serperior|91/100|[from] item: Life Orb
|move|p1a: cochon aveugle|Icicle Spear|p2a: Serperior
|-supereffective|p2a: Serperior
|-damage|p2a: Serperior|62/100
|-supereffective|p2a: Serperior
|-damage|p2a: Serperior|30/100
|-hitcount|p2a: Serperior|2
|
|upkeep
|turn|6
|
|t:|1637206237
|switch|p2a: Alomomola|Alomomola, F|100/100
|-damage|p2a: Alomomola|88/100|[from] Stealth Rock
|move|p1a: cochon aveugle|Ice Shard|p2a: Alomomola
|-resisted|p2a: Alomomola
|-damage|p2a: Alomomola|83/100
|
|-heal|p2a: Alomomola|89/100|[from] item: Leftovers
|upkeep
|turn|7
|
|t:|1637206242
|move|p2a: Alomomola|Waterfall|p1a: cochon aveugle
|-supereffective|p1a: cochon aveugle
|-damage|p1a: cochon aveugle|0 fnt
|faint|p1a: cochon aveugle
|
|-heal|p2a: Alomomola|95/100|[from] item: Leftovers
|upkeep
|
|t:|1637206253
|switch|p1a: une fan.|Rotom-Fan|100/100
|-damage|p1a: une fan.|76/100|[from] Stealth Rock
|turn|8
|
|t:|1637206258
|switch|p2a: Rotom|Rotom-Frost|100/100
|-damage|p2a: Rotom|76/100|[from] Stealth Rock
|move|p1a: une fan.|Volt Switch|p2a: Rotom
|-resisted|p2a: Rotom
|-damage|p2a: Rotom|54/100
|
|t:|1637206264
|switch|p1a: pornstar coréenne|Gardevoir, F|100/100|[from]move: Volt Switch
|-damage|p1a: pornstar coréenne|88/100|[from] Stealth Rock
|-damage|p1a: pornstar coréenne|72/100|[from] Spikes
|-ability|p1a: pornstar coréenne|Levitate|[from] ability: Trace|[of] p2a: Rotom
|
|upkeep
|turn|9
|
|t:|1637206272
|move|p2a: Rotom|Volt Switch|p1a: pornstar coréenne
|-damage|p1a: pornstar coréenne|37/100
|
|t:|1637206273
|switch|p2a: Alomomola|Alomomola, F|100/100|[from]move: Volt Switch
|-damage|p2a: Alomomola|88/100|[from] Stealth Rock
|move|p1a: pornstar coréenne|Psychic|p2a: Alomomola
|-damage|p2a: Alomomola|41/100
|
|-heal|p2a: Alomomola|47/100|[from] item: Leftovers
|upkeep
|turn|10
|
|t:|1637206277
|move|p2a: Alomomola|Protect|p2a: Alomomola
|-singleturn|p2a: Alomomola|Protect
|move|p1a: pornstar coréenne|Psychic|p2a: Alomomola
|-activate|p2a: Alomomola|move: Protect
|
|-heal|p2a: Alomomola|53/100|[from] item: Leftovers
|upkeep
|turn|11
|
|t:|1637206279
|move|p1a: pornstar coréenne|Psychic|p2a: Alomomola
|-damage|p2a: Alomomola|10/100
|move|p2a: Alomomola|Wish|p2a: Alomomola
|
|-heal|p2a: Alomomola|16/100|[from] item: Leftovers
|upkeep
|turn|12
|
|t:|1637206287
|move|p2a: Alomomola|Protect|p2a: Alomomola
|-singleturn|p2a: Alomomola|Protect
|move|p1a: pornstar coréenne|Psychic|p2a: Alomomola
|-activate|p2a: Alomomola|move: Protect
|
|-heal|p2a: Alomomola|66/100|[from] move: Wish|[wisher] Alomomola
|-heal|p2a: Alomomola|72/100|[from] item: Leftovers
|upkeep
|turn|13
|
|t:|1637206290
|move|p1a: pornstar coréenne|Psychic|p2a: Alomomola
|-damage|p2a: Alomomola|31/100
|-unboost|p2a: Alomomola|spd|1
|move|p2a: Alomomola|Wish|p2a: Alomomola
|
|-heal|p2a: Alomomola|37/100|[from] item: Leftovers
|upkeep
|turn|14
|
|t:|1637206295
|switch|p2a: Braviary|Braviary, M|100/100
|-damage|p2a: Braviary|75/100|[from] Stealth Rock
|move|p1a: pornstar coréenne|Psychic|p2a: Braviary
|-damage|p2a: Braviary|41/100
|
|-heal|p2a: Braviary|100/100|[from] move: Wish|[wisher] Alomomola
|upkeep
|turn|15
|
|t:|1637206304
|switch|p1a: Carracosta|Carracosta, M|100/100
|-damage|p1a: Carracosta|84/100|[from] Spikes
|-damage|p1a: Carracosta|71/100|[from] Stealth Rock
|move|p2a: Braviary|Brave Bird|p1a: Carracosta
|-resisted|p1a: Carracosta
|-damage|p1a: Carracosta|49/100
|-damage|p2a: Braviary|95/100|[from] Recoil
|
|-heal|p2a: Braviary|100/100|[from] item: Leftovers
|upkeep
|turn|16
|
|t:|1637206313
|move|p2a: Braviary|Bulk Up|p2a: Braviary
|-boost|p2a: Braviary|atk|1
|-boost|p2a: Braviary|def|1
|move|p1a: Carracosta|Shell Smash|p1a: Carracosta
|-unboost|p1a: Carracosta|def|1
|-unboost|p1a: Carracosta|spd|1
|-boost|p1a: Carracosta|atk|2
|-boost|p1a: Carracosta|spa|2
|-boost|p1a: Carracosta|spe|2
|
|upkeep
|turn|17
|
|t:|1637206316
|move|p1a: Carracosta|Stone Edge|p2a: Braviary|[miss]
|-miss|p1a: Carracosta|p2a: Braviary
|move|p2a: Braviary|Brave Bird|p1a: Carracosta
|-resisted|p1a: Carracosta
|-damage|p1a: Carracosta|0 fnt
|faint|p1a: Carracosta
|-damage|p2a: Braviary|89/100|[from] Recoil
|
|-heal|p2a: Braviary|95/100|[from] item: Leftovers
|upkeep
|c|☆pinktidal|does that kill?
|
|t:|1637206321
|switch|p1a: une fan.|Rotom-Fan|76/100
|-damage|p1a: une fan.|51/100|[from] Stealth Rock
|turn|18
|
|t:|1637206329
|move|p1a: une fan.|Thunderbolt|p2a: Braviary
|-supereffective|p2a: Braviary
|-damage|p2a: Braviary|16/100
|move|p2a: Braviary|Brave Bird|p1a: une fan.
|-resisted|p1a: une fan.
|-damage|p1a: une fan.|4/100
|-damage|p2a: Braviary|7/100|[from] Recoil
|
|-heal|p2a: Braviary|13/100|[from] item: Leftovers
|upkeep
|turn|19
|
|t:|1637206338
|move|p1a: une fan.|Air Slash|p2a: Braviary
|-damage|p2a: Braviary|0 fnt
|faint|p2a: Braviary
|
|upkeep
|
|t:|1637206339
|switch|p2a: Rotom|Rotom-Frost|54/100
|-damage|p2a: Rotom|30/100|[from] Stealth Rock
|turn|20
|
|t:|1637206347
|move|p2a: Rotom|Volt Switch|p1a: une fan.
|-damage|p1a: une fan.|0 fnt
|faint|p1a: une fan.
|
|t:|1637206349
|switch|p2a: Alomomola|Alomomola, F|70/100|[from]move: Volt Switch
|-damage|p2a: Alomomola|58/100|[from] Stealth Rock
|
|-heal|p2a: Alomomola|64/100|[from] item: Leftovers
|upkeep
|
|t:|1637206355
|switch|p1a: Scraggy|Scraggy, M|100/100
|-damage|p1a: Scraggy|95/100|[from] Stealth Rock
|-damage|p1a: Scraggy|78/100|[from] Spikes
|turn|21
|
|t:|1637206358
|switch|p2a: Serperior|Serperior, F|30/100
|-damage|p2a: Serperior|18/100|[from] Stealth Rock
|move|p1a: Scraggy|Bulk Up|p1a: Scraggy
|-boost|p1a: Scraggy|atk|1
|-boost|p1a: Scraggy|def|1
|
|upkeep
|turn|22
|
|t:|1637206362
|move|p2a: Serperior|Giga Drain|p1a: Scraggy
|-damage|p1a: Scraggy|44/100
|-heal|p2a: Serperior|36/100|[from] drain|[of] p1a: Scraggy
|-damage|p2a: Serperior|26/100|[from] item: Life Orb
|move|p1a: Scraggy|Drain Punch|p2a: Serperior
|-damage|p2a: Serperior|0 fnt
|-heal|p1a: Scraggy|56/100|[from] drain|[of] p2a: Serperior
|faint|p2a: Serperior
|
|upkeep
|
|t:|1637206368
|switch|p2a: Rotom|Rotom-Frost|30/100
|-damage|p2a: Rotom|5/100|[from] Stealth Rock
|turn|23
|
|t:|1637206383
|move|p2a: Rotom|Trick|p1a: Scraggy
|-activate|p2a: Rotom|move: Trick|[of] p1a: Scraggy
|-item|p1a: Scraggy|Choice Scarf|[from] move: Trick
|-item|p2a: Rotom|Eviolite|[from] move: Trick
|move|p1a: Scraggy|Drain Punch|p2a: Rotom
|-supereffective|p2a: Rotom
|-damage|p2a: Rotom|0 fnt
|-heal|p1a: Scraggy|58/100|[from] drain|[of] p2a: Rotom
|faint|p2a: Rotom
|
|upkeep
|
|t:|1637206385
|switch|p2a: Alomomola|Alomomola, F|97/100
|-damage|p2a: Alomomola|85/100|[from] Stealth Rock
|turn|24
|
|t:|1637206388
|move|p1a: Scraggy|Drain Punch|p2a: Alomomola
|-damage|p2a: Alomomola|67/100
|-heal|p1a: Scraggy|73/100|[from] drain|[of] p2a: Alomomola
|move|p2a: Alomomola|Wish|p2a: Alomomola
|
|-heal|p2a: Alomomola|73/100|[from] item: Leftovers
|upkeep
|turn|25
|
|t:|1637206390
|move|p1a: Scraggy|Drain Punch|p2a: Alomomola
|-damage|p2a: Alomomola|55/100
|-heal|p1a: Scraggy|88/100|[from] drain|[of] p2a: Alomomola
|move|p2a: Alomomola|Waterfall|p1a: Scraggy
|-damage|p1a: Scraggy|65/100
|
|-heal|p2a: Alomomola|100/100|[from] move: Wish|[wisher] Alomomola
|upkeep
|turn|26
|
|t:|1637206392
|move|p1a: Scraggy|Drain Punch|p2a: Alomomola
|-damage|p2a: Alomomola|84/100
|-heal|p1a: Scraggy|79/100|[from] drain|[of] p2a: Alomomola
|move|p2a: Alomomola|Waterfall|p1a: Scraggy
|-damage|p1a: Scraggy|55/100
|
|-heal|p2a: Alomomola|90/100|[from] item: Leftovers
|upkeep
|turn|27
|
|t:|1637206394
|move|p1a: Scraggy|Drain Punch|p2a: Alomomola
|-damage|p2a: Alomomola|71/100
|-heal|p1a: Scraggy|71/100|[from] drain|[of] p2a: Alomomola
|move|p2a: Alomomola|Toxic|p1a: Scraggy
|-status|p1a: Scraggy|tox
|
|-heal|p2a: Alomomola|77/100|[from] item: Leftovers
|-damage|p1a: Scraggy|65/100 tox|[from] psn
|upkeep
|turn|28
|
|t:|1637206396
|move|p1a: Scraggy|Drain Punch|p2a: Alomomola
|-damage|p2a: Alomomola|58/100
|-heal|p1a: Scraggy|81/100 tox|[from] drain|[of] p2a: Alomomola
|move|p2a: Alomomola|Wish|p2a: Alomomola
|
|-activate|p1a: Scraggy|ability: Shed Skin
|-curestatus|p1a: Scraggy|tox|[msg]
|-heal|p2a: Alomomola|64/100|[from] item: Leftovers
|upkeep
|turn|29
|
|t:|1637206401
|move|p1a: Scraggy|Drain Punch|p2a: Alomomola
|-damage|p2a: Alomomola|46/100
|-heal|p1a: Scraggy|96/100|[from] drain|[of] p2a: Alomomola
|move|p2a: Alomomola|Toxic|p1a: Scraggy
|-status|p1a: Scraggy|tox
|
|-heal|p2a: Alomomola|96/100|[from] move: Wish|[wisher] Alomomola
|-activate|p1a: Scraggy|ability: Shed Skin
|-curestatus|p1a: Scraggy|tox|[msg]
|-heal|p2a: Alomomola|100/100|[from] item: Leftovers
|upkeep
|turn|30
|
|t:|1637206404
|switch|p1a: Garbodor|Garbodor, M|100/100
|-damage|p1a: Garbodor|84/100|[from] Spikes
|-damage|p1a: Garbodor|72/100|[from] Stealth Rock
|move|p2a: Alomomola|Protect||[still]
|-fail|p2a: Alomomola
|
|upkeep
|turn|31
|
|t:|1637206408
|move|p1a: Garbodor|Explosion|p2a: Alomomola
|-crit|p2a: Alomomola
|-damage|p2a: Alomomola|25/100
|faint|p1a: Garbodor
|move|p2a: Alomomola|Waterfall|p1: Garbodor|[notarget]
|-fail|p2a: Alomomola
|
|-heal|p2a: Alomomola|31/100|[from] item: Leftovers
|upkeep
|
|t:|1637206410
|switch|p1a: pornstar coréenne|Gardevoir, F|37/100
|-damage|p1a: pornstar coréenne|24/100|[from] Stealth Rock
|-damage|p1a: pornstar coréenne|8/100|[from] Spikes
|-ability|p1a: pornstar coréenne|Regenerator|[from] ability: Trace|[of] p2a: Alomomola
|turn|32
|c|☆pinktidal|iif
|c|☆pinktidal|gg
|
|t:|1637206416
|move|p2a: Alomomola|Protect|p2a: Alomomola
|-singleturn|p2a: Alomomola|Protect
|move|p1a: pornstar coréenne|Thunderbolt|p2a: Alomomola
|-activate|p2a: Alomomola|move: Protect
|
|-heal|p2a: Alomomola|37/100|[from] item: Leftovers
|upkeep
|turn|33
|
|t:|1637206420
|move|p1a: pornstar coréenne|Thunderbolt|p2a: Alomomola
|-supereffective|p2a: Alomomola
|-damage|p2a: Alomomola|0 fnt
|faint|p2a: Alomomola
|
|win|cb aaron judge
