|j|☆MeteoritePkmn
|j|☆HaxDex
|t:|1622069494
|gametype|singles
|player|p1|MeteoritePkmn|palmer|
|player|p2|HaxDex|101|
|teamsize|p1|6
|teamsize|p2|6
|gen|5
|tier|[Gen 5] LC
|rule|Species Clause: Limit one of each Pokémon
|rule|OHKO Clause: OHKO moves are banned
|rule|Moody Clause: Moody is banned
|rule|Evasion Moves Clause: Evasion moves are banned
|rule|Endless Battle Clause: Forcing endless battles is banned
|rule|HP Percentage Mod: HP is shown in percentages
|rule|Sleep Clause: Sleep-inducing moves are banned
|clearpoke
|poke|p1|Shellder, L5, F|item
|poke|p1|Clamperl, L5, F|item
|poke|p1|Abra, L5, M|item
|poke|p1|Ferroseed, L5, M|item
|poke|p1|Mienfoo, L5, F|item
|poke|p1|Litwick, L5, M|item
|poke|p2|Woobat, L5, F|item
|poke|p2|Archen, L5, F|item
|poke|p2|Ferroseed, L5, M|item
|poke|p2|Darumaka, L5, M|item
|poke|p2|Dwebble, L5, F|item
|poke|p2|Wooper, L5, M|item
|teampreview
|
|t:|1622069502
|start
|switch|p1a: Clamperl|Clamperl, L5, F|100/100
|switch|p2a: Ferroseed|Ferroseed, L5, M|100/100
|turn|1
|
|t:|1622069508
|switch|p1a: Litwick|Litwick, L5, M|100/100
|move|p2a: Ferroseed|Leech Seed|p1a: Litwick
|-start|p1a: Litwick|move: Leech Seed
|
|-damage|p1a: Litwick|91/100|[from] Leech Seed|[of] p2a: Ferroseed
|upkeep
|turn|2
|
|t:|1622069516
|switch|p2a: Darumaka|Darumaka, L5, M|100/100
|move|p1a: Litwick|Flamethrower|p2a: Darumaka
|-resisted|p2a: Darumaka
|-damage|p2a: Darumaka|74/100
|
|-heal|p1a: Litwick|96/100|[from] item: Leftovers
|-damage|p1a: Litwick|86/100|[from] Leech Seed|[of] p2a: Darumaka
|-heal|p2a: Darumaka|83/100|[silent]
|upkeep
|turn|3
|
|t:|1622069526
|switch|p1a: Clamperl|Clamperl, L5, F|100/100
|move|p2a: Darumaka|U-turn|p1a: Clamperl
|-crit|p1a: Clamperl
|-damage|p1a: Clamperl|0 fnt
|faint|p1a: Clamperl
|c|☆MeteoritePkmn|critico no mms xd
|c|☆HaxDex|nice
|
|t:|1622069542
|switch|p2a: Woobat|Woobat, L5, F|100/100|[from]move: U-turn
|
|upkeep
|
|t:|1622069546
|switch|p1a: Shellder|Shellder, L5, F|100/100
|turn|4
|
|t:|1622069551
|move|p2a: Woobat|Calm Mind|p2a: Woobat
|-boost|p2a: Woobat|spa|2
|-boost|p2a: Woobat|spd|2
|move|p1a: Shellder|Shell Smash|p1a: Shellder
|-unboost|p1a: Shellder|def|1
|-unboost|p1a: Shellder|spd|1
|-boost|p1a: Shellder|atk|2
|-boost|p1a: Shellder|spa|2
|-boost|p1a: Shellder|spe|2
|-enditem|p1a: Shellder|White Herb
|-clearnegativeboost|p1a: Shellder|[silent]
|
|upkeep
|turn|5
|
|t:|1622069554
|move|p1a: Shellder|Icicle Spear|p2a: Woobat
|-supereffective|p2a: Woobat
|-damage|p2a: Woobat|37/100
|-supereffective|p2a: Woobat
|-damage|p2a: Woobat|0 fnt
|faint|p2a: Woobat
|-hitcount|p2: Woobat|2
|
|upkeep
|c|☆MeteoritePkmn|xd
|c|☆HaxDex|male salio
|
|t:|1622069569
|switch|p2a: Ferroseed|Ferroseed, L5, M|100/100
|turn|6
|
|t:|1622069574
|move|p1a: Shellder|Substitute|p1a: Shellder
|-start|p1a: Shellder|Substitute
|-damage|p1a: Shellder|79/100
|move|p2a: Ferroseed|Leech Seed|p1a: Shellder|[miss]
|-miss|p2a: Ferroseed|p1a: Shellder
|
|upkeep
|turn|7
|
|t:|1622069580
|move|p1a: Shellder|Icicle Spear|p2a: Ferroseed
|-damage|p2a: Ferroseed|80/100
|-damage|p2a: Ferroseed|56/100
|-damage|p2a: Ferroseed|35/100
|-hitcount|p2a: Ferroseed|3
|move|p2a: Ferroseed|Gyro Ball|p1a: Shellder
|-resisted|p1a: Shellder
|-end|p1a: Shellder|Substitute
|
|upkeep
|turn|8
|
|t:|1622069588
|move|p1a: Shellder|Icicle Spear|p2a: Ferroseed
|-damage|p2a: Ferroseed|15/100
|-damage|p2a: Ferroseed|0 fnt
|faint|p2a: Ferroseed
|-hitcount|p2: Ferroseed|2
|
|upkeep
|
|t:|1622069594
|switch|p2a: Wooper|Wooper, L5, M|100/100
|turn|9
|c|☆MeteoritePkmn|TMR NO
|c|☆MeteoritePkmn|NO LE PUSE SKILL LINK JAJAJAJ
|
|t:|1622069603
|move|p1a: Shellder|Icicle Spear|p2a: Wooper
|-damage|p2a: Wooper|78/100
|-damage|p2a: Wooper|55/100
|-damage|p2a: Wooper|32/100
|-hitcount|p2a: Wooper|3
|move|p2a: Wooper|Earthquake|p1a: Shellder
|-damage|p1a: Shellder|32/100
|
|-heal|p2a: Wooper|37/100|[from] item: Leftovers
|upkeep
|turn|10
|c|☆HaxDex|XD
|
|t:|1622069613
|move|p1a: Shellder|Icicle Spear|p2a: Wooper
|-damage|p2a: Wooper|14/100
|-damage|p2a: Wooper|0 fnt
|faint|p2a: Wooper
|-hitcount|p2: Wooper|2
|
|upkeep
|
|t:|1622069616
|switch|p2a: Dwebble|Dwebble, L5, F|100/100
|turn|11
|
|t:|1622069621
|move|p1a: Shellder|Rock Blast|p2a: Dwebble
|-supereffective|p2a: Dwebble
|-damage|p2a: Dwebble|53/100
|-supereffective|p2a: Dwebble
|-damage|p2a: Dwebble|5/100
|-hitcount|p2a: Dwebble|2
|move|p2a: Dwebble|X-Scissor|p1a: Shellder
|-damage|p1a: Shellder|0 fnt
|faint|p1a: Shellder
|
|upkeep
|
|t:|1622069629
|switch|p1a: Mienfoo|Mienfoo, L5, F|100/100
|turn|12
|
|t:|1622069632
|move|p2a: Dwebble|Shell Smash|p2a: Dwebble
|-unboost|p2a: Dwebble|def|1
|-unboost|p2a: Dwebble|spd|1
|-boost|p2a: Dwebble|atk|2
|-boost|p2a: Dwebble|spa|2
|-boost|p2a: Dwebble|spe|2
|-enditem|p2a: Dwebble|White Herb
|-clearnegativeboost|p2a: Dwebble|[silent]
|move|p1a: Mienfoo|Drain Punch|p2a: Dwebble
|-damage|p2a: Dwebble|0 fnt
|faint|p2a: Dwebble
|
|upkeep
|
|t:|1622069635
|switch|p2a: Archen|Archen, L5, F|100/100
|turn|13
|
|t:|1622069643
|move|p2a: Archen|Agility|p2a: Archen
|-boost|p2a: Archen|spe|2
|move|p1a: Mienfoo|Drain Punch|p2a: Archen
|-damage|p2a: Archen|0 fnt
|faint|p2a: Archen
|
|upkeep
|
|t:|1622069647
|switch|p2a: Darumaka|Darumaka, L5, M|83/100
|turn|14
|c|☆MeteoritePkmn|Choice band pa
|
|t:|1622069653
|move|p2a: Darumaka|Flare Blitz|p1a: Mienfoo
|-damage|p1a: Mienfoo|0 fnt
|faint|p1a: Mienfoo
|-damage|p2a: Darumaka|53/100|[from] Recoil
|
|upkeep
|
|t:|1622069657
|switch|p1a: Litwick|Litwick, L5, M|86/100
|turn|15
|
|t:|1622069660
|move|p2a: Darumaka|Flare Blitz|p1a: Litwick
|-start|p1a: Litwick|ability: Flash Fire
|move|p1a: Litwick|Shadow Ball|p2a: Darumaka
|-damage|p2a: Darumaka|9/100
|-unboost|p2a: Darumaka|spd|1
|
|-heal|p1a: Litwick|91/100|[from] item: Leftovers
|upkeep
|turn|16
|c|☆HaxDex|soy choice
|c|☆HaxDex|xdxd
|
|t:|1622069668
|move|p2a: Darumaka|Flare Blitz|p1a: Litwick
|-immune|p1a: Litwick|[from] ability: Flash Fire
|move|p1a: Litwick|Shadow Ball|p2a: Darumaka
|-damage|p2a: Darumaka|0 fnt
|faint|p2a: Darumaka
|
|win|MeteoritePkmn
|l|☆HaxDex
