|j|☆Shuckleking87
|j|☆QuinnXD
|t:|1642978608
|gametype|singles
|player|p1|Shuckleking87|169|
|player|p2|QuinnXD|101|
|teamsize|p1|6
|teamsize|p2|6
|gen|5
|tier|[Gen 5] NU
|rule|Species Clause: Limit one of each Pokémon
|rule|OHKO Clause: OHKO moves are banned
|rule|Moody Clause: Moody is banned
|rule|Evasion Moves Clause: Evasion moves are banned
|rule|Endless Battle Clause: Forcing endless battles is banned
|rule|HP Percentage Mod: HP is shown in percentages
|rule|Evasion Abilities Clause: Evasion abilities are banned
|rule|Swagger Clause: Swagger is banned
|rule|Baton Pass Clause: Limit one Baton Passer, can't pass Spe and other stats simultaneously
|rule|Sleep Clause Mod: Limit one foe put to sleep
|clearpoke
|poke|p1|Mandibuzz, F|item
|poke|p1|Garbodor, M|item
|poke|p1|Haunter, M|item
|poke|p1|Piloswine, M|item
|poke|p1|Serperior, M|item
|poke|p1|Alomomola, M|item
|poke|p2|Golurk|item
|poke|p2|Skuntank, F|item
|poke|p2|Gurdurr, M|item
|poke|p2|Samurott, M|item
|poke|p2|Rotom-Frost|item
|poke|p2|Leafeon, F|item
|teampreview
|l|☆QuinnXD
|player|p2|
|j|☆QuinnXD
|player|p2|QuinnXD|101
|inactive|Battle timer is ON: inactive players will automatically lose when time's up. (requested by Shuckleking87)
|j| el viking
|c|☆Shuckleking87|glhf
|
|t:|1642978663
|start
|switch|p1a: Piloswine|Piloswine, M, shiny|100/100
|switch|p2a: Rotom|Rotom-Frost|100/100
|turn|1
|c|☆QuinnXD|You2
|l|elviking
|
|t:|1642978676
|move|p2a: Rotom|Blizzard|p1a: Piloswine
|-damage|p1a: Piloswine|81/100
|move|p1a: Piloswine|Stealth Rock|p2a: Rotom
|-sidestart|p2: QuinnXD|move: Stealth Rock
|
|upkeep
|turn|2
|j| lotus25
|j| Mendeez
|
|t:|1642978694
|switch|p2a: Gurdurr|Gurdurr, M|100/100
|-damage|p2a: Gurdurr|94/100|[from] Stealth Rock
|move|p1a: Piloswine|Roar|p2a: Gurdurr
|drag|p2a: Rotom|Rotom-Frost|100/100
|-damage|p2a: Rotom|76/100|[from] Stealth Rock
|
|upkeep
|turn|3
|
|t:|1642978705
|switch|p1a: Garbodor|Garbodor, M, shiny|100/100
|move|p2a: Rotom|Trick|p1a: Garbodor
|-activate|p2a: Rotom|move: Trick|[of] p1a: Garbodor
|-item|p1a: Garbodor|Choice Scarf|[from] move: Trick
|-item|p2a: Rotom|Rocky Helmet|[from] move: Trick
|
|upkeep
|turn|4
|
|t:|1642978716
|move|p1a: Garbodor|Spikes|p2a: Rotom
|-sidestart|p2: QuinnXD|Spikes
|move|p2a: Rotom|Volt Switch|p1a: Garbodor
|-damage|p1a: Garbodor|62/100
|
|t:|1642978724
|switch|p2a: Golurk|Golurk, shiny|100/100|[from]move: Volt Switch
|-damage|p2a: Golurk|94/100|[from] Stealth Rock
|-damage|p2a: Golurk|82/100|[from] Spikes
|
|upkeep
|turn|5
|
|t:|1642978734
|switch|p1a: Mandibuzz|Mandibuzz, F, shiny|100/100
|move|p2a: Golurk|Stealth Rock|p1a: Mandibuzz
|-sidestart|p1: Shuckleking87|move: Stealth Rock
|
|upkeep
|turn|6
|
|t:|1642978747
|switch|p2a: Rotom|Rotom-Frost|76/100
|-damage|p2a: Rotom|51/100|[from] Stealth Rock
|move|p1a: Mandibuzz|Foul Play|p2a: Rotom
|-damage|p2a: Rotom|30/100
|-damage|p1a: Mandibuzz|84/100|[from] item: Rocky Helmet|[of] p2a: Rotom
|
|-heal|p1a: Mandibuzz|90/100|[from] item: Leftovers
|upkeep
|turn|7
|
|t:|1642978763
|switch|p2a: Gurdurr|Gurdurr, M|94/100
|-damage|p2a: Gurdurr|88/100|[from] Stealth Rock
|-damage|p2a: Gurdurr|76/100|[from] Spikes
|switch|p1a: Piloswine|Piloswine, M, shiny|81/100
|-damage|p1a: Piloswine|68/100|[from] Stealth Rock
|
|upkeep
|turn|8
|
|t:|1642978790
|move|p2a: Gurdurr|Bulk Up|p2a: Gurdurr
|-boost|p2a: Gurdurr|atk|1
|-boost|p2a: Gurdurr|def|1
|move|p1a: Piloswine|Roar|p2a: Gurdurr
|drag|p2a: Leafeon|Leafeon, F, shiny|100/100
|-damage|p2a: Leafeon|88/100|[from] Spikes
|-damage|p2a: Leafeon|76/100|[from] Stealth Rock
|
|-heal|p2a: Leafeon|82/100|[from] item: Leftovers
|upkeep
|turn|9
|
|t:|1642978803
|switch|p2a: Gurdurr|Gurdurr, M|76/100
|-damage|p2a: Gurdurr|70/100|[from] Stealth Rock
|-damage|p2a: Gurdurr|57/100|[from] Spikes
|switch|p1a: Garbodor|Garbodor, M, shiny|62/100
|-damage|p1a: Garbodor|50/100|[from] Stealth Rock
|
|upkeep
|turn|10
|inactive|Shuckleking87 has 270 seconds left.
|
|t:|1642978827
|switch|p2a: Rotom|Rotom-Frost|30/100
|-damage|p2a: Rotom|5/100|[from] Stealth Rock
|move|p1a: Garbodor|Gunk Shot|p2a: Rotom
|-damage|p2a: Rotom|0 fnt
|faint|p2a: Rotom
|
|upkeep
|inactive|QuinnXD has 270 seconds left.
|
|t:|1642978840
|switch|p2a: Skuntank|Skuntank, F|100/100
|-damage|p2a: Skuntank|88/100|[from] Spikes
|-damage|p2a: Skuntank|76/100|[from] Stealth Rock
|turn|11
|inactive|QuinnXD has 270 seconds left.
|inactive|Shuckleking87 has 270 seconds left.
|
|t:|1642978865
|switch|p1a: Alomomola|Alomomola, M, shiny|100/100
|-damage|p1a: Alomomola|88/100|[from] Stealth Rock
|move|p2a: Skuntank|Explosion|p1a: Alomomola
|-damage|p1a: Alomomola|15/100
|faint|p2a: Skuntank
|
|-heal|p1a: Alomomola|21/100|[from] item: Leftovers
|upkeep
|
|t:|1642978869
|switch|p2a: Leafeon|Leafeon, F, shiny|82/100
|-damage|p2a: Leafeon|70/100|[from] Stealth Rock
|-damage|p2a: Leafeon|57/100|[from] Spikes
|turn|12
|inactive|Shuckleking87 has 270 seconds left.
|
|t:|1642978883
|switch|p1a: Mandibuzz|Mandibuzz, F, shiny|90/100
|-damage|p1a: Mandibuzz|65/100|[from] Stealth Rock
|move|p2a: Leafeon|Substitute|p2a: Leafeon
|-start|p2a: Leafeon|Substitute
|-damage|p2a: Leafeon|32/100
|
|-heal|p2a: Leafeon|38/100|[from] item: Leftovers
|-heal|p1a: Mandibuzz|71/100|[from] item: Leftovers
|upkeep
|turn|13
|inactive|Shuckleking87 has 270 seconds left.
|
|t:|1642978889
|move|p2a: Leafeon|Baton Pass|p2a: Leafeon
|
|t:|1642978891
|switch|p2a: Gurdurr|Gurdurr, M|57/100|[from]move: Baton Pass
|-damage|p2a: Gurdurr|51/100|[from] Stealth Rock
|-damage|p2a: Gurdurr|39/100|[from] Spikes
|move|p1a: Mandibuzz|Foul Play|p2a: Gurdurr
|-resisted|p2a: Gurdurr
|-activate|p2a: Gurdurr|Substitute|[damage]
|
|-heal|p1a: Mandibuzz|78/100|[from] item: Leftovers
|upkeep
|turn|14
|inactive|Shuckleking87 has 270 seconds left.
|
|t:|1642978907
|move|p1a: Mandibuzz|Taunt|p2a: Gurdurr
|-start|p2a: Gurdurr|move: Taunt
|move|p2a: Gurdurr|Drain Punch|p1a: Mandibuzz
|-damage|p1a: Mandibuzz|47/100
|-heal|p2a: Gurdurr|56/100|[from] drain|[of] p1a: Mandibuzz
|
|-heal|p1a: Mandibuzz|53/100|[from] item: Leftovers
|upkeep
|turn|15
|
|t:|1642978913
|move|p1a: Mandibuzz|Foul Play|p2a: Gurdurr
|-resisted|p2a: Gurdurr
|-end|p2a: Gurdurr|Substitute
|move|p2a: Gurdurr|Ice Punch|p1a: Mandibuzz
|-supereffective|p1a: Mandibuzz
|-damage|p1a: Mandibuzz|16/100
|
|-heal|p1a: Mandibuzz|22/100|[from] item: Leftovers
|upkeep
|turn|16
|
|t:|1642978925
|switch|p1a: Garbodor|Garbodor, M, shiny|50/100
|-damage|p1a: Garbodor|38/100|[from] Stealth Rock
|move|p2a: Gurdurr|Drain Punch|p1a: Garbodor
|-resisted|p1a: Garbodor
|-damage|p1a: Garbodor|21/100
|-heal|p2a: Gurdurr|64/100|[from] drain|[of] p1a: Garbodor
|
|-end|p2a: Gurdurr|move: Taunt
|upkeep
|turn|17
|inactive|Shuckleking87 has 270 seconds left.
|
|t:|1642978949
|switch|p2a: Golurk|Golurk, shiny|82/100
|-damage|p2a: Golurk|76/100|[from] Stealth Rock
|-damage|p2a: Golurk|64/100|[from] Spikes
|move|p1a: Garbodor|Gunk Shot|p2a: Golurk|[miss]
|-miss|p1a: Garbodor|p2a: Golurk
|
|upkeep
|turn|18
|inactive|Shuckleking87 has 270 seconds left.
|
|t:|1642978960
|switch|p1a: Mandibuzz|Mandibuzz, F, shiny|22/100
|-damage|p1a: Mandibuzz|0 fnt|[from] Stealth Rock
|faint|p1a: Mandibuzz
|move|p2a: Golurk|Earthquake|p1: Mandibuzz|[notarget]
|-fail|p2a: Golurk
|
|upkeep
|
|t:|1642978990
|switch|p1a: Serperior|Serperior, M, shiny|100/100
|-damage|p1a: Serperior|88/100|[from] Stealth Rock
|turn|19
|
|t:|1642979002
|move|p1a: Serperior|Giga Drain|p2a: Golurk
|-supereffective|p2a: Golurk
|-damage|p2a: Golurk|0 fnt
|-heal|p1a: Serperior|100/100|[from] drain|[of] p2a: Golurk
|faint|p2a: Golurk
|
|upkeep
|
|t:|1642979011
|switch|p2a: Samurott|Samurott, M|100/100
|-damage|p2a: Samurott|88/100|[from] Spikes
|-damage|p2a: Samurott|76/100|[from] Stealth Rock
|turn|20
|
|t:|1642979026
|move|p1a: Serperior|Substitute|p1a: Serperior
|-start|p1a: Serperior|Substitute
|-damage|p1a: Serperior|76/100
|move|p2a: Samurott|Megahorn|p1a: Serperior
|-supereffective|p1a: Serperior
|-end|p1a: Serperior|Substitute
|
|upkeep
|turn|21
|
|t:|1642979051
|switch|p1a: Garbodor|Garbodor, M, shiny|21/100
|-damage|p1a: Garbodor|9/100|[from] Stealth Rock
|move|p2a: Samurott|Megahorn|p1a: Garbodor
|-resisted|p1a: Garbodor
|-damage|p1a: Garbodor|0 fnt
|-damage|p2a: Samurott|51/100|[from] ability: Aftermath|[of] p1a: Garbodor
|faint|p1a: Garbodor
|
|upkeep
|inactive|Shuckleking87 has 240 seconds left.
|
|t:|1642979075
|switch|p1a: Haunter|Haunter, M, shiny|100/100
|-damage|p1a: Haunter|88/100|[from] Stealth Rock
|turn|22
|
|t:|1642979086
|move|p2a: Samurott|Aqua Jet|p1a: Haunter
|-damage|p1a: Haunter|53/100
|move|p1a: Haunter|Sludge Bomb|p2a: Samurott
|-damage|p2a: Samurott|3/100
|
|upkeep
|turn|23
|inactive|Shuckleking87 has 240 seconds left.
|
|t:|1642979101
|switch|p1a: Alomomola|Alomomola, M, shiny|55/100
|-damage|p1a: Alomomola|42/100|[from] Stealth Rock
|move|p2a: Samurott|Aqua Jet|p1a: Alomomola
|-resisted|p1a: Alomomola
|-damage|p1a: Alomomola|31/100
|
|-heal|p1a: Alomomola|37/100|[from] item: Leftovers
|upkeep
|turn|24
|inactive|Shuckleking87 has 240 seconds left.
|
|t:|1642979117
|move|p2a: Samurott|Waterfall|p1a: Alomomola
|-resisted|p1a: Alomomola
|-damage|p1a: Alomomola|16/100
|move|p1a: Alomomola|Wish|p1a: Alomomola
|
|-heal|p1a: Alomomola|22/100|[from] item: Leftovers
|upkeep
|turn|25
|
|t:|1642979133
|move|p2a: Samurott|Swords Dance|p2a: Samurott
|-boost|p2a: Samurott|atk|2
|move|p1a: Alomomola|Scald|p2a: Samurott
|-resisted|p2a: Samurott
|-damage|p2a: Samurott|0 fnt
|faint|p2a: Samurott
|
|-heal|p1a: Alomomola|72/100|[from] move: Wish|[wisher] Alomomola
|-heal|p1a: Alomomola|78/100|[from] item: Leftovers
|upkeep
|
|t:|1642979145
|switch|p2a: Gurdurr|Gurdurr, M|64/100
|-damage|p2a: Gurdurr|52/100|[from] Spikes
|-damage|p2a: Gurdurr|46/100|[from] Stealth Rock
|turn|26
|inactive|Shuckleking87 has 240 seconds left.
|
|t:|1642979151
|switch|p1a: Haunter|Haunter, M, shiny|53/100
|-damage|p1a: Haunter|41/100|[from] Stealth Rock
|move|p2a: Gurdurr|Drain Punch|p1a: Haunter
|-immune|p1a: Haunter
|
|upkeep
|turn|27
|
|t:|1642979155
|move|p1a: Haunter|Sludge Bomb|p2a: Gurdurr
|-damage|p2a: Gurdurr|0 fnt
|faint|p2a: Gurdurr
|
|upkeep
|
|t:|1642979159
|switch|p2a: Leafeon|Leafeon, F, shiny|38/100
|-damage|p2a: Leafeon|26/100|[from] Stealth Rock
|-damage|p2a: Leafeon|14/100|[from] Spikes
|turn|28
|
|t:|1642979162
|move|p1a: Haunter|Sludge Bomb|p2a: Leafeon
|-supereffective|p2a: Leafeon
|-damage|p2a: Leafeon|0 fnt
|faint|p2a: Leafeon
|
|win|Shuckleking87
|c|☆QuinnXD|Gg
|c|☆Shuckleking87|gg
|l|☆QuinnXD
