|j|☆jahmille118
|j|☆Kess21
|t:|1643494409
|gametype|singles
|player|p1|jahmille118|170|1068
|player|p2|Kess21|candice|1045
|teamsize|p1|6
|teamsize|p2|6
|gen|5
|tier|[Gen 5] NU
|rated|
|rule|Species Clause: Limit one of each Pokémon
|rule|OHKO Clause: OHKO moves are banned
|rule|Moody Clause: Moody is banned
|rule|Evasion Moves Clause: Evasion moves are banned
|rule|Endless Battle Clause: Forcing endless battles is banned
|rule|HP Percentage Mod: HP is shown in percentages
|rule|Evasion Abilities Clause: Evasion abilities are banned
|rule|Swagger Clause: Swagger is banned
|rule|Baton Pass Clause: Limit one Baton Passer, can't pass Spe and other stats simultaneously
|rule|Sleep Clause Mod: Limit one foe put to sleep
|clearpoke
|poke|p1|Alomomola, F|item
|poke|p1|Primeape, M|item
|poke|p1|Garbodor, F|item
|poke|p1|Braviary, M|item
|poke|p1|Gardevoir, M|item
|poke|p1|Cradily, F|item
|poke|p2|Dodrio, M|item
|poke|p2|Wartortle, M|item
|poke|p2|Pinsir, M|item
|poke|p2|Tangela, M|item
|poke|p2|Tauros, M|item
|poke|p2|Seismitoad, M|item
|teampreview
|
|t:|1643494434
|start
|switch|p1a: Garbodor|Garbodor, F|100/100
|switch|p2a: Noodle|Tangela, M|100/100
|turn|1
|
|t:|1643494456
|move|p1a: Garbodor|Gunk Shot|p2a: Noodle
|-supereffective|p2a: Noodle
|-damage|p2a: Noodle|57/100
|move|p2a: Noodle|Leech Seed|p1a: Garbodor
|-start|p1a: Garbodor|move: Leech Seed
|
|-damage|p1a: Garbodor|88/100|[from] Leech Seed|[of] p2a: Noodle
|-heal|p2a: Noodle|69/100|[silent]
|upkeep
|turn|2
|
|t:|1643494466
|switch|p2a: Festival|Seismitoad, M|100/100
|move|p1a: Garbodor|Toxic Spikes|p2a: Festival
|-sidestart|p2: Kess21|move: Toxic Spikes
|
|-damage|p1a: Garbodor|76/100|[from] Leech Seed|[of] p2a: Festival
|upkeep
|turn|3
|
|t:|1643494478
|switch|p1a: Cradily|Cradily, F|100/100
|move|p2a: Festival|Stealth Rock|p1a: Cradily
|-sidestart|p1: jahmille118|move: Stealth Rock
|
|upkeep
|turn|4
|
|t:|1643494485
|switch|p2a: Knipex|Pinsir, M|100/100
|-status|p2a: Knipex|psn
|move|p1a: Cradily|Ancient Power|p2a: Knipex
|-supereffective|p2a: Knipex
|-damage|p2a: Knipex|16/100 psn
|
|-damage|p2a: Knipex|3/100 psn|[from] psn
|upkeep
|turn|5
|
|t:|1643494496
|move|p1a: Cradily|Protect|p1a: Cradily
|-singleturn|p1a: Cradily|Protect
|move|p2a: Knipex|X-Scissor|p1a: Cradily
|-activate|p1a: Cradily|move: Protect
|
|-damage|p2a: Knipex|0 fnt|[from] psn
|faint|p2a: Knipex
|upkeep
|
|t:|1643494504
|switch|p2a: Ukraine|Wartortle, M|100/100
|-status|p2a: Ukraine|psn
|turn|6
|
|t:|1643494511
|move|p2a: Ukraine|Rapid Spin|p1a: Cradily
|-resisted|p1a: Cradily
|-damage|p1a: Cradily|99/100
|-sideend|p2: Kess21|Toxic Spikes|[from] move: Rapid Spin|[of] p2a: Ukraine
|move|p1a: Cradily|Giga Drain|p2a: Ukraine
|-supereffective|p2a: Ukraine
|-damage|p2a: Ukraine|50/100 psn
|-heal|p1a: Cradily|100/100|[from] drain|[of] p2a: Ukraine
|
|-damage|p2a: Ukraine|37/100 psn|[from] psn
|upkeep
|turn|7
|
|t:|1643494526
|move|p2a: Ukraine|Ice Beam|p1a: Cradily
|-supereffective|p1a: Cradily
|-damage|p1a: Cradily|65/100
|move|p1a: Cradily|Stealth Rock|p2a: Ukraine
|-sidestart|p2: Kess21|move: Stealth Rock
|
|-damage|p2a: Ukraine|25/100 psn|[from] psn
|upkeep
|turn|8
|
|t:|1643494535
|move|p1a: Cradily|Protect|p1a: Cradily
|-singleturn|p1a: Cradily|Protect
|move|p2a: Ukraine|Ice Beam|p1a: Cradily
|-activate|p1a: Cradily|move: Protect
|
|-damage|p2a: Ukraine|12/100 psn|[from] psn
|upkeep
|turn|9
|
|t:|1643494548
|move|p2a: Ukraine|Rapid Spin|p1a: Cradily
|-resisted|p1a: Cradily
|-crit|p1a: Cradily
|-damage|p1a: Cradily|63/100
|-sideend|p2: Kess21|Stealth Rock|[from] move: Rapid Spin|[of] p2a: Ukraine
|move|p1a: Cradily|Giga Drain|p2a: Ukraine
|-supereffective|p2a: Ukraine
|-damage|p2a: Ukraine|0 fnt
|-heal|p1a: Cradily|68/100|[from] drain|[of] p2a: Ukraine
|faint|p2a: Ukraine
|
|upkeep
|
|t:|1643494559
|switch|p2a: BSF|Tauros, M|100/100
|turn|10
|
|t:|1643494586
|switch|p1a: Garbodor|Garbodor, F|76/100
|-damage|p1a: Garbodor|64/100|[from] Stealth Rock
|move|p2a: BSF|Iron Head|p1a: Garbodor
|-damage|p1a: Garbodor|17/100
|
|upkeep
|turn|11
|
|t:|1643494595
|move|p2a: BSF|Iron Head|p1a: Garbodor
|-damage|p1a: Garbodor|0 fnt
|-damage|p2a: BSF|76/100|[from] ability: Aftermath|[of] p1a: Garbodor
|faint|p1a: Garbodor
|
|upkeep
|
|t:|1643494609
|switch|p1a: Primeape|Primeape, M|100/100
|-damage|p1a: Primeape|94/100|[from] Stealth Rock
|turn|12
|
|t:|1643494615
|move|p1a: Primeape|Close Combat|p2a: BSF
|-supereffective|p2a: BSF
|-damage|p2a: BSF|0 fnt
|-unboost|p1a: Primeape|def|1
|-unboost|p1a: Primeape|spd|1
|faint|p2a: BSF
|
|upkeep
|
|t:|1643494626
|switch|p2a: Noodle|Tangela, M|100/100
|turn|13
|
|t:|1643494630
|switch|p1a: Cradily|Cradily, F|68/100
|-damage|p1a: Cradily|56/100|[from] Stealth Rock
|move|p2a: Noodle|Leech Seed|p1a: Cradily
|-immune|p1a: Cradily
|
|upkeep
|turn|14
|
|t:|1643494639
|move|p2a: Noodle|Sludge Bomb|p1a: Cradily
|-damage|p1a: Cradily|36/100
|move|p1a: Cradily|Stealth Rock|p2a: Noodle
|-sidestart|p2: Kess21|move: Stealth Rock
|
|upkeep
|turn|15
|
|t:|1643494649
|move|p2a: Noodle|Sludge Bomb|p1a: Cradily
|-damage|p1a: Cradily|19/100
|-status|p1a: Cradily|psn
|move|p1a: Cradily|Giga Drain|p2a: Noodle
|-resisted|p2a: Noodle
|-damage|p2a: Noodle|80/100
|-heal|p1a: Cradily|29/100 psn|[from] drain|[of] p2a: Noodle
|
|-damage|p1a: Cradily|16/100 psn|[from] psn
|upkeep
|turn|16
|
|t:|1643494663
|switch|p1a: Alomomola|Alomomola, F|100/100
|-damage|p1a: Alomomola|88/100|[from] Stealth Rock
|move|p2a: Noodle|Sludge Bomb|p1a: Alomomola
|-damage|p1a: Alomomola|65/100
|-status|p1a: Alomomola|psn
|
|-heal|p1a: Alomomola|72/100 psn|[from] item: Leftovers
|-damage|p1a: Alomomola|59/100 psn|[from] psn
|upkeep
|turn|17
|
|t:|1643494675
|move|p1a: Alomomola|Icy Wind|p2a: Noodle
|-supereffective|p2a: Noodle
|-damage|p2a: Noodle|53/100
|-unboost|p2a: Noodle|spe|1
|move|p2a: Noodle|Leech Seed|p1a: Alomomola
|-start|p1a: Alomomola|move: Leech Seed
|
|-heal|p1a: Alomomola|65/100 psn|[from] item: Leftovers
|-damage|p1a: Alomomola|53/100 psn|[from] Leech Seed|[of] p2a: Noodle
|-heal|p2a: Noodle|71/100|[silent]
|-damage|p1a: Alomomola|40/100 psn|[from] psn
|upkeep
|turn|18
|
|t:|1643494688
|move|p1a: Alomomola|Wish|p1a: Alomomola
|move|p2a: Noodle|Synthesis|p2a: Noodle
|-heal|p2a: Noodle|100/100
|
|-heal|p1a: Alomomola|47/100 psn|[from] item: Leftovers
|-damage|p1a: Alomomola|34/100 psn|[from] Leech Seed|[of] p2a: Noodle
|-damage|p1a: Alomomola|22/100 psn|[from] psn
|upkeep
|turn|19
|
|t:|1643494700
|switch|p1a: Braviary|Braviary, M|100/100
|-damage|p1a: Braviary|76/100|[from] Stealth Rock
|move|p2a: Noodle|Sludge Bomb|p1a: Braviary
|-crit|p1a: Braviary
|-damage|p1a: Braviary|27/100
|
|-heal|p1a: Braviary|99/100|[from] move: Wish|[wisher] Alomomola
|upkeep
|turn|20
|
|t:|1643494712
|move|p1a: Braviary|Brave Bird|p2a: Noodle
|-supereffective|p2a: Noodle
|-damage|p2a: Noodle|48/100
|-damage|p1a: Braviary|83/100|[from] Recoil
|move|p2a: Noodle|Toxic|p1a: Braviary
|-status|p1a: Braviary|tox
|
|-damage|p1a: Braviary|77/100 tox|[from] psn
|upkeep
|turn|21
|
|t:|1643494723
|move|p1a: Braviary|Brave Bird|p2a: Noodle
|-supereffective|p2a: Noodle
|-damage|p2a: Noodle|0 fnt
|faint|p2a: Noodle
|-damage|p1a: Braviary|61/100 tox|[from] Recoil
|
|-damage|p1a: Braviary|49/100 tox|[from] psn
|upkeep
|
|t:|1643494730
|switch|p2a: Festival|Seismitoad, M|100/100
|-damage|p2a: Festival|94/100|[from] Stealth Rock
|turn|22
|
|t:|1643494737
|move|p1a: Braviary|Brave Bird|p2a: Festival
|-damage|p2a: Festival|36/100
|-damage|p1a: Braviary|25/100 tox|[from] Recoil
|move|p2a: Festival|Scald|p1a: Braviary
|-damage|p1a: Braviary|0 fnt
|faint|p1a: Braviary
|
|-heal|p2a: Festival|42/100|[from] item: Leftovers
|upkeep
|
|t:|1643494749
|switch|p1a: Gardevoir|Gardevoir, M|100/100
|-damage|p1a: Gardevoir|88/100|[from] Stealth Rock
|turn|23
|
|t:|1643494755
|move|p1a: Gardevoir|Energy Ball|p2a: Festival
|-supereffective|p2a: Festival
|-damage|p2a: Festival|0 fnt
|faint|p2a: Festival
|
|upkeep
|
|t:|1643494760
|switch|p2a: Da Da Da|Dodrio, M|100/100
|-damage|p2a: Da Da Da|76/100|[from] Stealth Rock
|turn|24
|
|t:|1643494769
|switch|p1a: Cradily|Cradily, F|16/100 psn
|-damage|p1a: Cradily|4/100 psn|[from] Stealth Rock
|move|p2a: Da Da Da|Return|p1a: Cradily
|-resisted|p1a: Cradily
|-damage|p1a: Cradily|0 fnt
|faint|p1a: Cradily
|
|upkeep
|
|t:|1643494784
|switch|p1a: Gardevoir|Gardevoir, M|88/100
|-damage|p1a: Gardevoir|76/100|[from] Stealth Rock
|turn|25
|
|t:|1643494793
|move|p1a: Gardevoir|Thunderbolt|p2a: Da Da Da
|-supereffective|p2a: Da Da Da
|-damage|p2a: Da Da Da|0 fnt
|faint|p2a: Da Da Da
|
|win|jahmille118
|raw|jahmille118's rating: 1068 &rarr; <strong>1096</strong><br />(+28 for winning)
|raw|Kess21's rating: 1045 &rarr; <strong>1029</strong><br />(-16 for losing)
