|j|☆Stall Sucks Bro✞
|j|☆Wachimingo0
|inactive|Battle timer is ON: inactive players will automatically lose when time's up.
|t:|1628537228
|gametype|singles
|player|p1|Stall Sucks Bro✞|marley|
|player|p2|Wachimingo0|2|
|teamsize|p1|6
|teamsize|p2|6
|gen|5
|tier|[Gen 5] LC
|rated|Tournament battle
|rule|Species Clause: Limit one of each Pokémon
|rule|OHKO Clause: OHKO moves are banned
|rule|Moody Clause: Moody is banned
|rule|Evasion Moves Clause: Evasion moves are banned
|rule|Endless Battle Clause: Forcing endless battles is banned
|rule|HP Percentage Mod: HP is shown in percentages
|rule|Sleep Clause: Sleep-inducing moves are banned
|clearpoke
|poke|p1|Aipom, L5, M|item
|poke|p1|Drilbur, L5, M|item
|poke|p1|Magnemite, L5|item
|poke|p1|Mienfoo, L5, F|item
|poke|p1|Ferroseed, L5, F|item
|poke|p1|Natu, L5, M|item
|poke|p2|Hippopotas, L5, F|item
|poke|p2|Porygon, L5|item
|poke|p2|Lileep, L5, M|item
|poke|p2|Drilbur, L5, M|item
|poke|p2|Chinchou, L5, M|item
|poke|p2|Abra, L5, F|item
|teampreview
|j| HornetofHallownest
|j| Aldex26
|j|@Elian-San
|j| Joshuadan145
|l| Aldex26
|inactive|Stall Sucks Bro✞ has 120 seconds left.
|inactive|Wachimingo0 has 120 seconds left.
|
|t:|1628537260
|start
|switch|p1a: Ferroseed|Ferroseed, L5, F|100/100
|switch|p2a: Hippopotas|Hippopotas, L5, F, shiny|100/100
|-weather|Sandstorm|[from] ability: Sand Stream|[of] p2a: Hippopotas
|turn|1
|j| Magistral_PRO.
|
|t:|1628537286
|move|p2a: Hippopotas|Stealth Rock|p1a: Ferroseed
|-sidestart|p1: Stall Sucks Bro✞|move: Stealth Rock
|move|p1a: Ferroseed|Spikes|p2a: Hippopotas
|-sidestart|p2: Wachimingo0|Spikes
|
|-weather|Sandstorm|[upkeep]
|upkeep
|turn|2
|j| vegito37
|c| Joshuadan145|Que bonita es la animación de ferrosed en 5 gen
|
|t:|1628537294
|switch|p2a: Lileep|Lileep, L5, M, shiny|100/100
|-damage|p2a: Lileep|89/100|[from] Spikes
|move|p1a: Ferroseed|Spikes|p2a: Lileep
|-sidestart|p2: Wachimingo0|Spikes
|
|-weather|Sandstorm|[upkeep]
|upkeep
|turn|3
|l| vegito37
|
|t:|1628537300
|move|p1a: Ferroseed|Spikes|p2a: Lileep
|-sidestart|p2: Wachimingo0|Spikes
|move|p2a: Lileep|Hidden Power|p1a: Ferroseed
|-supereffective|p1a: Ferroseed
|-damage|p1a: Ferroseed|46/100
|
|-weather|Sandstorm|[upkeep]
|upkeep
|turn|4
|
|t:|1628537306
|switch|p1a: Natu|Natu, L5, M|100/100
|-damage|p1a: Natu|78/100|[from] Stealth Rock
|move|p2a: Lileep|Hidden Power|p1a: Natu
|-damage|p1a: Natu|60/100
|
|-weather|Sandstorm|[upkeep]
|-damage|p1a: Natu|55/100|[from] Sandstorm
|upkeep
|turn|5
|
|t:|1628537309
|move|p1a: Natu|Roost|p1a: Natu
|-heal|p1a: Natu|100/100
|-singleturn|p1a: Natu|move: Roost
|move|p2a: Lileep|Ancient Power|p1a: Natu
|-crit|p1a: Natu
|-damage|p1a: Natu|46/100
|-boost|p2a: Lileep|atk|1
|-boost|p2a: Lileep|def|1
|-boost|p2a: Lileep|spa|1
|-boost|p2a: Lileep|spd|1
|-boost|p2a: Lileep|spe|1
|
|-weather|Sandstorm|[upkeep]
|-damage|p1a: Natu|41/100|[from] Sandstorm
|upkeep
|turn|6
|c|☆Stall Sucks Bro✞|Ok
|
|t:|1628537315
|move|p1a: Natu|Roost|p1a: Natu
|-heal|p1a: Natu|91/100
|-singleturn|p1a: Natu|move: Roost
|move|p2a: Lileep|Ancient Power|p1a: Natu
|-damage|p1a: Natu|60/100
|
|-weather|Sandstorm|[upkeep]
|-damage|p1a: Natu|55/100|[from] Sandstorm
|upkeep
|turn|7
|
|t:|1628537322
|move|p1a: Natu|Psychic|p2a: Lileep
|-damage|p2a: Lileep|77/100
|move|p2a: Lileep|Ancient Power|p1a: Natu
|-supereffective|p1a: Natu
|-damage|p1a: Natu|0 fnt
|faint|p1a: Natu
|
|-weather|Sandstorm|[upkeep]
|upkeep
|
|t:|1628537331
|switch|p1a: Magnemite|Magnemite, L5|100/100
|-damage|p1a: Magnemite|95/100|[from] Stealth Rock
|turn|8
|
|t:|1628537336
|move|p1a: Magnemite|Flash Cannon|p2a: Lileep
|-supereffective|p2a: Lileep
|-damage|p2a: Lileep|54/100
|move|p2a: Lileep|Hidden Power|p1a: Magnemite
|-supereffective|p1a: Magnemite
|-damage|p1a: Magnemite|0 fnt
|faint|p1a: Magnemite
|
|-weather|Sandstorm|[upkeep]
|upkeep
|
|t:|1628537342
|switch|p1a: Aipom|Aipom, L5, M|100/100
|-damage|p1a: Aipom|92/100|[from] Stealth Rock
|turn|9
|
|t:|1628537346
|move|p1a: Aipom|Fake Out|p2a: Lileep
|-resisted|p2a: Lileep
|-damage|p2a: Lileep|50/100
|-damage|p1a: Aipom|83/100|[from] item: Life Orb
|cant|p2a: Lileep|flinch
|
|-weather|Sandstorm|[upkeep]
|-damage|p1a: Aipom|79/100|[from] Sandstorm
|upkeep
|turn|10
|
|t:|1628537349
|move|p1a: Aipom|U-turn|p2a: Lileep
|-supereffective|p2a: Lileep
|-damage|p2a: Lileep|20/100
|-damage|p1a: Aipom|70/100|[from] item: Life Orb
|
|t:|1628537351
|switch|p1a: Ferroseed|Ferroseed, L5, F|46/100|[from]move: U-turn
|-damage|p1a: Ferroseed|41/100|[from] Stealth Rock
|move|p2a: Lileep|Giga Drain|p1a: Ferroseed
|-resisted|p1a: Ferroseed
|-damage|p1a: Ferroseed|37/100
|-heal|p2a: Lileep|24/100|[from] drain|[of] p1a: Ferroseed
|
|-weather|Sandstorm|[upkeep]
|upkeep
|turn|11
|
|t:|1628537355
|move|p2a: Lileep|Recover|p2a: Lileep
|-heal|p2a: Lileep|74/100
|move|p1a: Ferroseed|Thunder Wave|p2a: Lileep
|-status|p2a: Lileep|par
|
|-weather|Sandstorm|[upkeep]
|upkeep
|turn|12
|
|t:|1628537362
|move|p1a: Ferroseed|Bullet Seed|p2a: Lileep
|-damage|p2a: Lileep|70/100 par
|-damage|p2a: Lileep|66/100 par
|-hitcount|p2a: Lileep|2
|move|p2a: Lileep|Hidden Power|p1a: Ferroseed
|-supereffective|p1a: Ferroseed
|-damage|p1a: Ferroseed|0 fnt
|faint|p1a: Ferroseed
|
|-weather|Sandstorm|[upkeep]
|upkeep
|
|t:|1628537367
|switch|p1a: Mienfoo|Mienfoo, L5, F|100/100
|-damage|p1a: Mienfoo|96/100|[from] Stealth Rock
|turn|13
|
|t:|1628537371
|move|p1a: Mienfoo|High Jump Kick|p2a: Lileep
|-supereffective|p2a: Lileep
|-damage|p2a: Lileep|12/100 par
|move|p2a: Lileep|Giga Drain|p1a: Mienfoo
|-damage|p1a: Mienfoo|55/100
|-heal|p2a: Lileep|31/100 par|[from] drain|[of] p1a: Mienfoo
|
|-weather|Sandstorm|[upkeep]
|-damage|p1a: Mienfoo|50/100|[from] Sandstorm
|upkeep
|turn|14
|
|t:|1628537378
|move|p1a: Mienfoo|High Jump Kick|p2a: Lileep|[miss]
|-miss|p1a: Mienfoo|p2a: Lileep
|-damage|p1a: Mienfoo|0 fnt|[from] highjumpkick
|faint|p1a: Mienfoo
|move|p2a: Lileep|Giga Drain|p1: Mienfoo|[notarget]
|-fail|p2a: Lileep
|
|-weather|Sandstorm|[upkeep]
|upkeep
|
|t:|1628537381
|switch|p1a: Aipom|Aipom, L5, M|70/100
|-damage|p1a: Aipom|61/100|[from] Stealth Rock
|turn|15
|
|t:|1628537383
|move|p1a: Aipom|Fake Out|p2a: Lileep
|-resisted|p2a: Lileep
|-damage|p2a: Lileep|27/100 par
|-damage|p1a: Aipom|53/100|[from] item: Life Orb
|cant|p2a: Lileep|flinch
|
|-weather|Sandstorm|[upkeep]
|-damage|p1a: Aipom|48/100|[from] Sandstorm
|upkeep
|turn|16
|
|t:|1628537386
|move|p1a: Aipom|U-turn|p2a: Lileep
|-supereffective|p2a: Lileep
|-damage|p2a: Lileep|0 fnt
|faint|p2a: Lileep
|-damage|p1a: Aipom|40/100|[from] item: Life Orb
|
|t:|1628537387
|switch|p1a: Drilbur|Drilbur, L5, M|100/100|[from]move: U-turn
|-damage|p1a: Drilbur|96/100|[from] Stealth Rock
|-ability|p1a: Drilbur|Mold Breaker
|
|-weather|Sandstorm|[upkeep]
|upkeep
|
|t:|1628537403
|switch|p2a: Porygon|Porygon, L5|100/100
|-damage|p2a: Porygon|77/100|[from] Spikes
|-ability|p2a: Porygon|Mold Breaker|[from] ability: Trace|[of] p1a: Drilbur
|-ability|p2a: Porygon|Mold Breaker
|turn|17
|
|t:|1628537407
|move|p1a: Drilbur|Earthquake|p2a: Porygon
|-crit|p2a: Porygon
|-damage|p2a: Porygon|0 fnt
|faint|p2a: Porygon
|
|-weather|Sandstorm|[upkeep]
|upkeep
|
|t:|1628537413
|switch|p2a: Abra|Abra, L5, F|100/100
|turn|18
|
|t:|1628537416
|move|p2a: Abra|Energy Ball|p1a: Drilbur
|-supereffective|p1a: Drilbur
|-damage|p1a: Drilbur|5/100
|move|p1a: Drilbur|Earthquake|p2a: Abra
|-damage|p2a: Abra|0 fnt
|faint|p2a: Abra
|
|-weather|Sandstorm|[upkeep]
|upkeep
|c| Joshuadan145|Lol
|
|t:|1628537424
|switch|p2a: Hippopotas|Hippopotas, L5, F, shiny|100/100
|-damage|p2a: Hippopotas|77/100|[from] Spikes
|turn|19
|
|t:|1628537429
|move|p1a: Drilbur|Earthquake|p2a: Hippopotas
|-damage|p2a: Hippopotas|43/100
|move|p2a: Hippopotas|Earthquake|p1a: Drilbur
|-damage|p1a: Drilbur|0 fnt
|faint|p1a: Drilbur
|
|-weather|Sandstorm|[upkeep]
|upkeep
|
|t:|1628537431
|switch|p1a: Aipom|Aipom, L5, M|40/100
|-damage|p1a: Aipom|31/100|[from] Stealth Rock
|turn|20
|
|t:|1628537435
|move|p1a: Aipom|Fake Out|p2a: Hippopotas
|-damage|p2a: Hippopotas|27/100
|-damage|p1a: Aipom|22/100|[from] item: Life Orb
|cant|p2a: Hippopotas|flinch
|
|-weather|Sandstorm|[upkeep]
|-damage|p1a: Aipom|18/100|[from] Sandstorm
|upkeep
|turn|21
|
|t:|1628537439
|move|p1a: Aipom|Fury Swipes|p2a: Hippopotas|[miss]
|-miss|p1a: Aipom|p2a: Hippopotas
|move|p2a: Hippopotas|Slack Off|p2a: Hippopotas
|-heal|p2a: Hippopotas|77/100
|
|-weather|Sandstorm|[upkeep]
|-damage|p1a: Aipom|14/100|[from] Sandstorm
|upkeep
|turn|22
|-message|Stall Sucks Bro✞ forfeited.
|
|win|Wachimingo0
|n|☆Stall Sucks Bro✞|stallsucksbro
|n|☆Wachimingo0|wachimingo0
|n| HornetofHallownest|hornetofhallownest
|n| Elian-San|eliansan
|n| Joshuadan145|joshuadan145
|n| Magistral_PRO.|magistralpro
