|j|☆CorporateDonkey
|j|☆Celebiii32
|t:|1634242830
|gametype|singles
|player|p1|CorporateDonkey|ingo|
|player|p2|Celebiii32|erika-gen2|
|teamsize|p1|6
|teamsize|p2|6
|gen|5
|tier|[Gen 5] UU
|rated|Tournament battle
|rule|Species Clause: Limit one of each Pokémon
|rule|OHKO Clause: OHKO moves are banned
|rule|Moody Clause: Moody is banned
|rule|Evasion Moves Clause: Evasion moves are banned
|rule|Endless Battle Clause: Forcing endless battles is banned
|rule|HP Percentage Mod: HP is shown in percentages
|rule|Evasion Abilities Clause: Evasion abilities are banned
|rule|Baton Pass Clause: Limit one Baton Passer, can't pass Spe and other stats simultaneously
|rule|Swagger Clause: Swagger is banned
|rule|Sleep Clause Mod: Limit one foe put to sleep
|clearpoke
|poke|p1|Krookodile, M|item
|poke|p1|Druddigon, M|item
|poke|p1|Heracross, M|item
|poke|p1|Zapdos|item
|poke|p1|Bisharp, M|item
|poke|p1|Suicune|item
|poke|p2|Raikou|item
|poke|p2|Rhyperior, F|item
|poke|p2|Crobat, M|item
|poke|p2|Slowking, M|item
|poke|p2|Escavalier, M|item
|poke|p2|Flygon, M|item
|teampreview
|c|☆CorporateDonkey|gl hf
|c|☆Celebiii32|glhf!
|j| ahyueah
|j| Dunoks
|c|☆CorporateDonkey|thx u2
|inactive|Battle timer is ON: inactive players will automatically lose when time's up. (requested by CorporateDonkey)
|j| style.css
|c|☆Celebiii32|wtf bisharp is uu
|c|☆Celebiii32|that's nuts
|c|☆CorporateDonkey|yeah
|
|t:|1634242864
|start
|switch|p1a: Krookodile|Krookodile, M|100/100
|switch|p2a: Flygon|Flygon, M|100/100
|-ability|p1a: Krookodile|Intimidate|boost
|-unboost|p2a: Flygon|atk|1
|turn|1
|
|t:|1634242872
|move|p2a: Flygon|U-turn|p1a: Krookodile
|-supereffective|p1a: Krookodile
|-crit|p1a: Krookodile
|-damage|p1a: Krookodile|8/100
|
|t:|1634242881
|switch|p2a: Escavalier|Escavalier, M|100/100|[from]move: U-turn
|move|p1a: Krookodile|Stealth Rock|p2a: Escavalier
|-sidestart|p2: Celebiii32|move: Stealth Rock
|
|-heal|p1a: Krookodile|14/100|[from] item: Leftovers
|upkeep
|turn|2
|
|t:|1634242889
|move|p1a: Krookodile|Earthquake|p2a: Escavalier
|-damage|p2a: Escavalier|65/100
|move|p2a: Escavalier|Pursuit|p1a: Krookodile
|-resisted|p1a: Krookodile
|-damage|p1a: Krookodile|0 fnt
|faint|p1a: Krookodile
|
|upkeep
|
|t:|1634242896
|switch|p1a: Zapdos|Zapdos|100/100
|-ability|p1a: Zapdos|Pressure
|turn|3
|
|t:|1634242905
|switch|p2a: Rhyperior|Rhyperior, F|100/100
|-damage|p2a: Rhyperior|94/100|[from] Stealth Rock
|move|p1a: Zapdos|Heat Wave|p2a: Rhyperior
|-resisted|p2a: Rhyperior
|-damage|p2a: Rhyperior|75/100
|-damage|p1a: Zapdos|91/100|[from] item: Life Orb
|
|-heal|p2a: Rhyperior|82/100|[from] item: Leftovers
|upkeep
|turn|4
|
|t:|1634242920
|switch|p2a: Slowking|Slowking, M|100/100
|-damage|p2a: Slowking|88/100|[from] Stealth Rock
|move|p1a: Zapdos|Hidden Power|p2a: Slowking
|-supereffective|p2a: Slowking
|-damage|p2a: Slowking|43/100
|-damage|p1a: Zapdos|81/100|[from] item: Life Orb
|
|-heal|p2a: Slowking|49/100|[from] item: Leftovers
|upkeep
|turn|5
|
|t:|1634242932
|switch|p2a: Flygon|Flygon, M|100/100
|-damage|p2a: Flygon|95/100|[from] Stealth Rock
|move|p1a: Zapdos|Thunderbolt|p2a: Flygon
|-immune|p2a: Flygon
|
|upkeep
|turn|6
|j| 73510a
|
|t:|1634242937
|switch|p1a: Suicune|Suicune|100/100
|-ability|p1a: Suicune|Pressure
|move|p2a: Flygon|Toxic|p1a: Suicune
|-status|p1a: Suicune|tox
|
|-damage|p1a: Suicune|94/100 tox|[from] psn
|upkeep
|turn|7
|
|t:|1634242949
|switch|p2a: Slowking|Slowking, M|82/100
|-damage|p2a: Slowking|70/100|[from] Stealth Rock
|move|p1a: Suicune|Calm Mind|p1a: Suicune
|-boost|p1a: Suicune|spa|1
|-boost|p1a: Suicune|spd|1
|
|-heal|p1a: Suicune|100/100 tox|[from] item: Leftovers
|-heal|p2a: Slowking|76/100|[from] item: Leftovers
|-damage|p1a: Suicune|88/100 tox|[from] psn
|upkeep
|turn|8
|j| blackkaiser
|
|t:|1634242960
|move|p1a: Suicune|Hidden Power|p2a: Slowking
|-supereffective|p2a: Slowking
|-damage|p2a: Slowking|32/100
|move|p2a: Slowking|Dragon Tail|p1a: Suicune
|-damage|p1a: Suicune|78/100 tox
|drag|p1a: Druddigon|Druddigon, M|100/100
|
|-heal|p2a: Slowking|38/100|[from] item: Leftovers
|upkeep
|turn|9
|j| parkerr
|
|t:|1634242974
|switch|p2a: Crobat|Crobat, M|100/100
|-damage|p2a: Crobat|76/100|[from] Stealth Rock
|move|p1a: Druddigon|Outrage|p2a: Crobat
|-damage|p2a: Crobat|0 fnt
|faint|p2a: Crobat
|
|upkeep
|
|t:|1634242977
|switch|p2a: Escavalier|Escavalier, M|65/100
|-damage|p2a: Escavalier|52/100|[from] Stealth Rock
|turn|10
|
|t:|1634242981
|move|p1a: Druddigon|Outrage|p2a: Escavalier|[from]lockedmove
|-resisted|p2a: Escavalier
|-damage|p2a: Escavalier|5/100
|-start|p1a: Druddigon|confusion|[fatigue]
|move|p2a: Escavalier|Megahorn|p1a: Druddigon|[miss]
|-miss|p2a: Escavalier|p1a: Druddigon
|
|upkeep
|turn|11
|
|t:|1634242987
|-activate|p1a: Druddigon|confusion
|-damage|p1a: Druddigon|86/100|[from] confusion
|move|p2a: Escavalier|Megahorn|p1a: Druddigon
|-damage|p1a: Druddigon|0 fnt
|-damage|p2a: Escavalier|0 fnt|[from] ability: Rough Skin|[of] p1a: Druddigon
|faint|p2a: Escavalier
|faint|p1a: Druddigon
|
|upkeep
|j| congelateur-sama
|j| Bekaray
|
|t:|1634242996
|switch|p1a: Heracross|Heracross, M|100/100
|switch|p2a: Raikou|Raikou|100/100
|-damage|p2a: Raikou|88/100|[from] Stealth Rock
|-ability|p2a: Raikou|Pressure
|turn|12
|
|t:|1634243003
|move|p1a: Heracross|Earthquake|p2a: Raikou
|-supereffective|p2a: Raikou
|-damage|p2a: Raikou|4/100
|move|p2a: Raikou|Thunderbolt|p1a: Heracross
|-damage|p1a: Heracross|52/100
|
|-heal|p2a: Raikou|10/100|[from] item: Leftovers
|upkeep
|turn|13
|
|t:|1634243007
|switch|p2a: Flygon|Flygon, M|95/100
|-damage|p2a: Flygon|89/100|[from] Stealth Rock
|move|p1a: Heracross|Earthquake|p2a: Flygon
|-immune|p2a: Flygon|[from] ability: Levitate
|
|upkeep
|turn|14
|
|t:|1634243017
|switch|p1a: Zapdos|Zapdos|81/100
|-ability|p1a: Zapdos|Pressure
|move|p2a: Flygon|U-turn|p1a: Zapdos
|-resisted|p1a: Zapdos
|-damage|p1a: Zapdos|68/100
|
|t:|1634243024
|switch|p2a: Raikou|Raikou|10/100|[from]move: U-turn
|-damage|p2a: Raikou|0 fnt|[from] Stealth Rock
|faint|p2a: Raikou
|
|upkeep
|
|t:|1634243025
|switch|p2a: Rhyperior|Rhyperior, F|82/100
|-damage|p2a: Rhyperior|75/100|[from] Stealth Rock
|turn|15
|
|t:|1634243030
|switch|p2a: Flygon|Flygon, M|89/100
|-damage|p2a: Flygon|83/100|[from] Stealth Rock
|move|p1a: Zapdos|Hidden Power|p2a: Flygon
|-damage|p2a: Flygon|42/100
|-damage|p1a: Zapdos|58/100|[from] item: Life Orb
|
|upkeep
|turn|16
|
|t:|1634243034
|move|p2a: Flygon|Outrage|p1a: Zapdos
|-damage|p1a: Zapdos|0 fnt
|faint|p1a: Zapdos
|
|upkeep
|
|t:|1634243040
|switch|p1a: Suicune|Suicune|78/100 tox
|-ability|p1a: Suicune|Pressure
|turn|17
|
|t:|1634243044
|move|p2a: Flygon|Outrage|p1a: Suicune|[from]lockedmove
|-damage|p1a: Suicune|30/100 tox
|-start|p2a: Flygon|confusion|[fatigue]
|move|p1a: Suicune|Ice Beam|p2a: Flygon
|-supereffective|p2a: Flygon
|-damage|p2a: Flygon|0 fnt
|faint|p2a: Flygon
|
|-heal|p1a: Suicune|37/100 tox|[from] item: Leftovers
|-damage|p1a: Suicune|30/100 tox|[from] psn
|upkeep
|
|t:|1634243047
|switch|p2a: Slowking|Slowking, M|71/100
|-damage|p2a: Slowking|59/100|[from] Stealth Rock
|turn|18
|
|t:|1634243057
|move|p1a: Suicune|Hidden Power|p2a: Slowking
|-supereffective|p2a: Slowking
|-damage|p2a: Slowking|29/100
|move|p2a: Slowking|Slack Off|p2a: Slowking
|-heal|p2a: Slowking|79/100
|
|-heal|p1a: Suicune|37/100 tox|[from] item: Leftovers
|-heal|p2a: Slowking|86/100|[from] item: Leftovers
|-damage|p1a: Suicune|24/100 tox|[from] psn
|upkeep
|turn|19
|
|t:|1634243066
|move|p1a: Suicune|Hidden Power|p2a: Slowking
|-supereffective|p2a: Slowking
|-damage|p2a: Slowking|57/100
|move|p2a: Slowking|Slack Off|p2a: Slowking
|-heal|p2a: Slowking|100/100
|
|-heal|p1a: Suicune|30/100 tox|[from] item: Leftovers
|-damage|p1a: Suicune|12/100 tox|[from] psn
|upkeep
|turn|20
|
|t:|1634243075
|move|p1a: Suicune|Hidden Power|p2a: Slowking
|-supereffective|p2a: Slowking
|-damage|p2a: Slowking|74/100
|move|p2a: Slowking|Slack Off|p2a: Slowking
|-heal|p2a: Slowking|100/100
|
|-heal|p1a: Suicune|18/100 tox|[from] item: Leftovers
|-damage|p1a: Suicune|0 fnt|[from] psn
|faint|p1a: Suicune
|upkeep
|
|t:|1634243081
|switch|p1a: Bisharp|Bisharp, M|100/100
|turn|21
|
|t:|1634243090
|move|p1a: Bisharp|Swords Dance|p1a: Bisharp
|-boost|p1a: Bisharp|atk|2
|move|p2a: Slowking|Scald|p1a: Bisharp
|-damage|p1a: Bisharp|54/100
|-status|p1a: Bisharp|brn
|
|-damage|p1a: Bisharp|42/100 brn|[from] brn
|upkeep
|turn|22
|
|t:|1634243094
|move|p1a: Bisharp|Pursuit|p2a: Slowking
|-supereffective|p2a: Slowking
|-damage|p2a: Slowking|54/100
|-damage|p1a: Bisharp|32/100 brn|[from] item: Life Orb
|move|p2a: Slowking|Dragon Tail|p1a: Bisharp
|-resisted|p1a: Bisharp
|-damage|p1a: Bisharp|25/100 brn
|drag|p1a: Heracross|Heracross, M|52/100
|
|-heal|p2a: Slowking|60/100|[from] item: Leftovers
|upkeep
|turn|23
|
|t:|1634243100
|switch|p2a: Rhyperior|Rhyperior, F|75/100
|-damage|p2a: Rhyperior|69/100|[from] Stealth Rock
|move|p1a: Heracross|Megahorn|p2a: Rhyperior
|-damage|p2a: Rhyperior|26/100
|
|-heal|p2a: Rhyperior|32/100|[from] item: Leftovers
|upkeep
|turn|24
|
|t:|1634243108
|move|p1a: Heracross|Megahorn|p2a: Rhyperior
|-damage|p2a: Rhyperior|0 fnt
|faint|p2a: Rhyperior
|-ability|p1a: Heracross|Moxie|boost
|-boost|p1a: Heracross|atk|1
|
|upkeep
|
|t:|1634243111
|switch|p2a: Slowking|Slowking, M|93/100
|-damage|p2a: Slowking|81/100|[from] Stealth Rock
|turn|25
|
|t:|1634243115
|move|p1a: Heracross|Megahorn|p2a: Slowking
|-supereffective|p2a: Slowking
|-damage|p2a: Slowking|0 fnt
|faint|p2a: Slowking
|-ability|p1a: Heracross|Moxie|boost
|-boost|p1a: Heracross|atk|1
|
|win|CorporateDonkey
|n|☆CorporateDonkey|corporatedonkey
|n|☆Celebiii32|celebiii32
|n| ahyueah|ahyueah
|n| Dunoks|dunoks
|n| style.css|stylecss
|n| 73510a|73510a
|n| blackkaiser|blackkaiser
|n| parkerr|parkerr
|n| congelateur-sama|congelateursama
|n| Bekaray|bekaray
|c|☆Celebiii32|gg
|l| Bekaray
|c|☆CorporateDonkey|gg wp
|c|☆Celebiii32|you too
|l| blackkaiser
|l| style.css
|l| 73510a
|l|☆Celebiii32
|l|☆CorporateDonkey
|j|+Krook❤King
|l| congelateur-sama
|l|+Krook❤King
