|j|☆rhombus dancing
|j|☆z0mog
|inactive|Battle timer is ON: inactive players will automatically lose when time's up.
|t:|1644126740
|gametype|singles
|player|p1|rhombus dancing|acetrainer-gen4dp|
|player|p2|z0mog|#z0mog|
|teamsize|p1|6
|teamsize|p2|6
|gen|5
|tier|[Gen 5] OU
|rated|Tournament battle
|rule|Species Clause: Limit one of each Pokémon
|rule|OHKO Clause: OHKO moves are banned
|rule|Moody Clause: Moody is banned
|rule|Evasion Moves Clause: Evasion moves are banned
|rule|Endless Battle Clause: Forcing endless battles is banned
|rule|HP Percentage Mod: HP is shown in percentages
|rule|Evasion Abilities Clause: Evasion abilities are banned
|rule|Sleep Clause: Sleep-inducing moves are banned
|rule|Swagger Clause: Swagger is banned
|clearpoke
|poke|p1|Tyranitar, M|item
|poke|p1|Breloom, F|item
|poke|p1|Latios, M|item
|poke|p1|Landorus-Therian, M|item
|poke|p1|Excadrill, F|item
|poke|p1|Rotom-Wash|item
|poke|p2|Politoed, F|item
|poke|p2|Landorus-Therian, M|item
|poke|p2|Gyarados, F|item
|poke|p2|Ferrothorn, F|item
|poke|p2|Rotom-Wash|item
|poke|p2|Latios, M|item
|teampreview
|j| BB-8-NU
|c|☆rhombus dancing|Hf
|j| The Winking Dol
|j| thatoneguyfrenzy
|j| Meritone
|j|#susciety
|c| thatoneguyfrenzy|omg is z0mog, huge fan
|c|☆z0mog|u2
|
|t:|1644126764
|start
|switch|p1a: Rotom|Rotom-Wash|100/100
|switch|p2a: Politoed|Politoed, F|100/100
|-weather|RainDance|[from] ability: Drizzle|[of] p2a: Politoed
|turn|1
|j| zaaya ◜‿◝
|
|t:|1644126775
|move|p1a: Rotom|Will-O-Wisp|p2a: Politoed
|-status|p2a: Politoed|brn
|move|p2a: Politoed|Toxic|p1a: Rotom
|-status|p1a: Rotom|tox
|
|-weather|RainDance|[upkeep]
|-damage|p1a: Rotom|95/100 tox|[from] psn
|-damage|p2a: Politoed|88/100 brn|[from] brn
|upkeep
|turn|2
|j| cursedstar
|
|t:|1644126779
|move|p1a: Rotom|Volt Switch|p2a: Politoed
|-supereffective|p2a: Politoed
|-damage|p2a: Politoed|41/100 brn
|
|t:|1644126783
|switch|p1a: Breloom|Breloom, F|100/100|[from]move: Volt Switch
|move|p2a: Politoed|Scald|p1a: Breloom
|-resisted|p1a: Breloom
|-damage|p1a: Breloom|80/100
|
|-weather|RainDance|[upkeep]
|-heal|p2a: Politoed|47/100 brn|[from] item: Leftovers
|-damage|p2a: Politoed|35/100 brn|[from] brn
|-status|p1a: Breloom|tox|[from] item: Toxic Orb
|upkeep
|turn|3
|j| bear kigurumi
|l| cursedstar
|j| ibbysonlyfan
|
|t:|1644126801
|switch|p2a: Landorus|Landorus-Therian, M|100/100
|-ability|p2a: Landorus|Intimidate|boost
|-unboost|p1a: Breloom|atk|1
|move|p1a: Breloom|Swords Dance|p1a: Breloom
|-boost|p1a: Breloom|atk|2
|
|-weather|RainDance|[upkeep]
|-heal|p1a: Breloom|93/100 tox|[from] ability: Poison Heal
|upkeep
|turn|4
|j| AlIoutdragadarts
|
|t:|1644126805
|move|p2a: Landorus|Superpower|p1a: Breloom
|-enditem|p2a: Landorus|Fighting Gem|[from] gem
|-damage|p1a: Breloom|4/100 tox
|-unboost|p2a: Landorus|atk|1
|-unboost|p2a: Landorus|def|1
|move|p1a: Breloom|Seed Bomb|p2a: Landorus
|-damage|p2a: Landorus|24/100
|
|-weather|RainDance|[upkeep]
|-heal|p1a: Breloom|16/100 tox|[from] ability: Poison Heal
|upkeep
|turn|5
|
|t:|1644126813
|move|p1a: Breloom|Protect|p1a: Breloom
|-singleturn|p1a: Breloom|Protect
|move|p2a: Landorus|Hidden Power|p1a: Breloom
|-activate|p1a: Breloom|move: Protect
|
|-weather|RainDance|[upkeep]
|-heal|p1a: Breloom|29/100 tox|[from] ability: Poison Heal
|upkeep
|turn|6
|l| AlIoutdragadarts
|j| Naturalharmoniax
|j|+TGA 3
|
|t:|1644126840
|switch|p1a: Rotom|Rotom-Wash|95/100 tox
|move|p2a: Landorus|Superpower|p1a: Rotom
|-damage|p1a: Rotom|64/100 tox
|-unboost|p2a: Landorus|atk|1
|-unboost|p2a: Landorus|def|1
|
|-weather|RainDance|[upkeep]
|-heal|p1a: Rotom|70/100 tox|[from] item: Leftovers
|-damage|p1a: Rotom|64/100 tox|[from] psn
|upkeep
|turn|7
|l| Naturalharmoniax
|
|t:|1644126850
|switch|p2a: Ferrothorn|Ferrothorn, F|100/100
|move|p1a: Rotom|Will-O-Wisp|p2a: Ferrothorn
|-status|p2a: Ferrothorn|brn
|
|-weather|RainDance|[upkeep]
|-heal|p1a: Rotom|70/100 tox|[from] item: Leftovers
|-damage|p1a: Rotom|58/100 tox|[from] psn
|-damage|p2a: Ferrothorn|88/100 brn|[from] brn
|upkeep
|turn|8
|
|t:|1644126862
|move|p1a: Rotom|Pain Split|p2a: Ferrothorn
|-sethp|p2a: Ferrothorn|69/100 brn|[from] move: Pain Split|[silent]
|-sethp|p1a: Rotom|80/100 tox|[from] move: Pain Split
|move|p2a: Ferrothorn|Stealth Rock|p1a: Rotom
|-sidestart|p1: rhombus dancing|move: Stealth Rock
|
|-weather|RainDance|[upkeep]
|-heal|p1a: Rotom|86/100 tox|[from] item: Leftovers
|-heal|p2a: Ferrothorn|75/100 brn|[from] item: Leftovers
|-damage|p1a: Rotom|68/100 tox|[from] psn
|-damage|p2a: Ferrothorn|63/100 brn|[from] brn
|upkeep
|turn|9
|
|t:|1644126879
|move|p1a: Rotom|Hydro Pump|p2a: Ferrothorn|[miss]
|-miss|p1a: Rotom|p2a: Ferrothorn
|move|p2a: Ferrothorn|Spikes|p1a: Rotom
|-sidestart|p1: rhombus dancing|Spikes
|
|-weather|RainDance|[upkeep]
|-heal|p1a: Rotom|74/100 tox|[from] item: Leftovers
|-heal|p2a: Ferrothorn|69/100 brn|[from] item: Leftovers
|-damage|p1a: Rotom|50/100 tox|[from] psn
|-damage|p2a: Ferrothorn|57/100 brn|[from] brn
|upkeep
|turn|10
|
|t:|1644126882
|move|p1a: Rotom|Pain Split|p2a: Ferrothorn
|-sethp|p2a: Ferrothorn|50/100 brn|[from] move: Pain Split|[silent]
|-sethp|p1a: Rotom|58/100 tox|[from] move: Pain Split
|move|p2a: Ferrothorn|Leech Seed|p1a: Rotom
|-start|p1a: Rotom|move: Leech Seed
|
|-weather|RainDance|[upkeep]
|-heal|p1a: Rotom|64/100 tox|[from] item: Leftovers
|-heal|p2a: Ferrothorn|56/100 brn|[from] item: Leftovers
|-damage|p1a: Rotom|52/100 tox|[from] Leech Seed|[of] p2a: Ferrothorn
|-heal|p2a: Ferrothorn|67/100 brn|[silent]
|-damage|p1a: Rotom|22/100 tox|[from] psn
|-damage|p2a: Ferrothorn|54/100 brn|[from] brn
|upkeep
|turn|11
|c|☆rhombus dancing|oh fuck
|c|☆rhombus dancing|that one was a misclick
|
|t:|1644126890
|switch|p2a: Landorus|Landorus-Therian, M|24/100
|-ability|p2a: Landorus|Intimidate|boost
|-unboost|p1a: Rotom|atk|1
|move|p1a: Rotom|Volt Switch|p2a: Landorus
|-immune|p2a: Landorus
|
|-weather|RainDance|[upkeep]
|-heal|p1a: Rotom|28/100 tox|[from] item: Leftovers
|-damage|p1a: Rotom|16/100 tox|[from] Leech Seed|[of] p2a: Landorus
|-heal|p2a: Landorus|36/100|[silent]
|-damage|p1a: Rotom|0 fnt|[from] psn
|faint|p1a: Rotom
|upkeep
|
|t:|1644126894
|switch|p1a: Landorus|Landorus-Therian, M|100/100
|-damage|p1a: Landorus|88/100|[from] Stealth Rock
|-ability|p1a: Landorus|Intimidate|boost
|-unboost|p2a: Landorus|atk|1
|turn|12
|
|t:|1644126902
|switch|p2a: Politoed|Politoed, F|35/100 brn
|move|p1a: Landorus|Hidden Power|p2a: Politoed
|-resisted|p2a: Politoed
|-crit|p2a: Politoed
|-damage|p2a: Politoed|21/100 brn
|
|-weather|RainDance|[upkeep]
|-heal|p1a: Landorus|94/100|[from] item: Leftovers
|-heal|p2a: Politoed|27/100 brn|[from] item: Leftovers
|-damage|p2a: Politoed|15/100 brn|[from] brn
|upkeep
|turn|13
|
|t:|1644126908
|move|p1a: Landorus|Stealth Rock|p2a: Politoed
|-sidestart|p2: z0mog|move: Stealth Rock
|move|p2a: Politoed|Scald|p1a: Landorus
|-supereffective|p1a: Landorus
|-damage|p1a: Landorus|4/100
|
|-weather|RainDance|[upkeep]
|-heal|p1a: Landorus|10/100|[from] item: Leftovers
|-heal|p2a: Politoed|21/100 brn|[from] item: Leftovers
|-damage|p2a: Politoed|9/100 brn|[from] brn
|upkeep
|turn|14
|
|t:|1644126914
|move|p1a: Landorus|Earthquake|p2a: Politoed
|-damage|p2a: Politoed|0 fnt
|faint|p2a: Politoed
|
|-weather|RainDance|[upkeep]
|-heal|p1a: Landorus|16/100|[from] item: Leftovers
|upkeep
|
|t:|1644126922
|switch|p2a: Landorus|Landorus-Therian, M|36/100
|-damage|p2a: Landorus|23/100|[from] Stealth Rock
|-ability|p2a: Landorus|Intimidate|boost
|-unboost|p1a: Landorus|atk|1
|turn|15
|
|t:|1644126927
|move|p1a: Landorus|Hidden Power|p2a: Landorus
|-supereffective|p2a: Landorus
|-damage|p2a: Landorus|0 fnt
|faint|p2a: Landorus
|
|-weather|RainDance|[upkeep]
|-heal|p1a: Landorus|22/100|[from] item: Leftovers
|upkeep
|
|t:|1644126933
|switch|p2a: Latios|Latios, M|100/100
|-damage|p2a: Latios|88/100|[from] Stealth Rock
|turn|16
|
|t:|1644126949
|move|p2a: Latios|Surf|p1a: Landorus
|-supereffective|p1a: Landorus
|-damage|p1a: Landorus|0 fnt
|faint|p1a: Landorus
|
|-weather|RainDance|[upkeep]
|upkeep
|
|t:|1644126958
|switch|p1a: Tyranitar|Tyranitar, M|100/100
|-damage|p1a: Tyranitar|88/100|[from] Spikes
|-damage|p1a: Tyranitar|76/100|[from] Stealth Rock
|-weather|Sandstorm|[from] ability: Sand Stream|[of] p1a: Tyranitar
|turn|17
|l| The Winking Dol
|j| cursedstar
|
|t:|1644126966
|switch|p2a: Ferrothorn|Ferrothorn, F|54/100 brn
|-damage|p2a: Ferrothorn|48/100 brn|[from] Stealth Rock
|move|p1a: Tyranitar|Crunch|p2a: Ferrothorn
|-resisted|p2a: Ferrothorn
|-damage|p2a: Ferrothorn|32/100 brn
|-damage|p1a: Tyranitar|63/100|[from] ability: Iron Barbs|[of] p2a: Ferrothorn
|
|-weather|Sandstorm|[upkeep]
|-heal|p2a: Ferrothorn|38/100 brn|[from] item: Leftovers
|-damage|p2a: Ferrothorn|26/100 brn|[from] brn
|upkeep
|turn|18
|j| The Winking Dol
|
|t:|1644126972
|switch|p1a: Excadrill|Excadrill, F|100/100
|-damage|p1a: Excadrill|88/100|[from] Spikes
|-damage|p1a: Excadrill|85/100|[from] Stealth Rock
|move|p2a: Ferrothorn|Leech Seed|p1a: Excadrill
|-start|p1a: Excadrill|move: Leech Seed
|
|-weather|Sandstorm|[upkeep]
|-heal|p1a: Excadrill|91/100|[from] item: Leftovers
|-heal|p2a: Ferrothorn|32/100 brn|[from] item: Leftovers
|-damage|p1a: Excadrill|79/100|[from] Leech Seed|[of] p2a: Ferrothorn
|-heal|p2a: Ferrothorn|45/100 brn|[silent]
|-damage|p2a: Ferrothorn|32/100 brn|[from] brn
|upkeep
|turn|19
|
|t:|1644126975
|move|p1a: Excadrill|Rapid Spin|p2a: Ferrothorn
|-resisted|p2a: Ferrothorn
|-damage|p2a: Ferrothorn|29/100 brn
|-damage|p1a: Excadrill|66/100|[from] ability: Iron Barbs|[of] p2a: Ferrothorn
|-end|p1a: Excadrill|Leech Seed|[from] move: Rapid Spin|[of] p1a: Excadrill
|-sideend|p1: rhombus dancing|Spikes|[from] move: Rapid Spin|[of] p1a: Excadrill
|-sideend|p1: rhombus dancing|Stealth Rock|[from] move: Rapid Spin|[of] p1a: Excadrill
|move|p2a: Ferrothorn|Stealth Rock|p1a: Excadrill
|-sidestart|p1: rhombus dancing|move: Stealth Rock
|
|-weather|Sandstorm|[upkeep]
|-heal|p1a: Excadrill|72/100|[from] item: Leftovers
|-heal|p2a: Ferrothorn|35/100 brn|[from] item: Leftovers
|-damage|p2a: Ferrothorn|23/100 brn|[from] brn
|upkeep
|turn|20
|
|t:|1644126999
|move|p1a: Excadrill|Rapid Spin|p2a: Ferrothorn
|-resisted|p2a: Ferrothorn
|-damage|p2a: Ferrothorn|20/100 brn
|-damage|p1a: Excadrill|60/100|[from] ability: Iron Barbs|[of] p2a: Ferrothorn
|-sideend|p1: rhombus dancing|Stealth Rock|[from] move: Rapid Spin|[of] p1a: Excadrill
|move|p2a: Ferrothorn|Stealth Rock|p1a: Excadrill
|-sidestart|p1: rhombus dancing|move: Stealth Rock
|
|-weather|Sandstorm|[upkeep]
|-heal|p1a: Excadrill|66/100|[from] item: Leftovers
|-heal|p2a: Ferrothorn|26/100 brn|[from] item: Leftovers
|-damage|p2a: Ferrothorn|14/100 brn|[from] brn
|upkeep
|turn|21
|j|+TDR
|
|t:|1644127015
|switch|p1a: Tyranitar|Tyranitar, M|63/100
|-damage|p1a: Tyranitar|51/100|[from] Stealth Rock
|move|p2a: Ferrothorn|Stealth Rock||[still]
|-fail|p2a: Ferrothorn
|
|-weather|Sandstorm|[upkeep]
|-heal|p2a: Ferrothorn|20/100 brn|[from] item: Leftovers
|-damage|p2a: Ferrothorn|8/100 brn|[from] brn
|upkeep
|turn|22
|
|t:|1644127020
|move|p1a: Tyranitar|Ice Beam|p2a: Ferrothorn
|-damage|p2a: Ferrothorn|0 fnt
|faint|p2a: Ferrothorn
|
|-weather|Sandstorm|[upkeep]
|upkeep
|
|t:|1644127022
|switch|p2a: Gyarados|Gyarados, F|100/100
|-damage|p2a: Gyarados|76/100|[from] Stealth Rock
|-ability|p2a: Gyarados|Intimidate|boost
|-unboost|p1a: Tyranitar|atk|1
|turn|23
|
|t:|1644127025
|move|p2a: Gyarados|Dragon Dance|p2a: Gyarados
|-boost|p2a: Gyarados|atk|1
|-boost|p2a: Gyarados|spe|1
|move|p1a: Tyranitar|Thunder Wave|p2a: Gyarados
|-status|p2a: Gyarados|par
|-enditem|p2a: Gyarados|Lum Berry|[eat]
|-curestatus|p2a: Gyarados|par|[msg]
|
|-weather|Sandstorm|[upkeep]
|-damage|p2a: Gyarados|70/100|[from] Sandstorm
|upkeep
|turn|24
|
|t:|1644127034
|switch|p1a: Breloom|Breloom, F|29/100 tox
|-damage|p1a: Breloom|23/100 tox|[from] Stealth Rock
|move|p2a: Gyarados|Waterfall|p1a: Breloom
|-resisted|p1a: Breloom
|-damage|p1a: Breloom|0 fnt
|faint|p1a: Breloom
|
|-weather|Sandstorm|[upkeep]
|-damage|p2a: Gyarados|64/100|[from] Sandstorm
|upkeep
|
|t:|1644127038
|switch|p1a: Latios|Latios, M|100/100
|-damage|p1a: Latios|88/100|[from] Stealth Rock
|turn|25
|
|t:|1644127045
|move|p1a: Latios|Draco Meteor|p2a: Gyarados
|-damage|p2a: Gyarados|0 fnt
|-unboost|p1a: Latios|spa|2
|faint|p2a: Gyarados
|
|-weather|Sandstorm|[upkeep]
|-damage|p1a: Latios|82/100|[from] Sandstorm
|upkeep
|
|t:|1644127054
|switch|p2a: Latios|Latios, M|88/100
|-damage|p2a: Latios|76/100|[from] Stealth Rock
|turn|26
|j| Skuashs ¯\_(ツ)_/¯
|
|t:|1644127067
|switch|p1a: Excadrill|Excadrill, F|66/100
|-damage|p1a: Excadrill|63/100|[from] Stealth Rock
|move|p2a: Latios|Surf|p1a: Excadrill
|-supereffective|p1a: Excadrill
|-crit|p1a: Excadrill
|-damage|p1a: Excadrill|0 fnt
|faint|p1a: Excadrill
|
|-weather|Sandstorm|[upkeep]
|-damage|p2a: Latios|70/100|[from] Sandstorm
|upkeep
|l| Skuashs ¯\_(ツ)_/¯
|
|t:|1644127073
|switch|p1a: Latios|Latios, M|82/100
|-damage|p1a: Latios|70/100|[from] Stealth Rock
|turn|27
|
|t:|1644127091
|move|p1a: Latios|Draco Meteor|p2a: Latios
|-supereffective|p2a: Latios
|-damage|p2a: Latios|0 fnt
|-unboost|p1a: Latios|spa|2
|faint|p2a: Latios
|
|-weather|Sandstorm|[upkeep]
|-damage|p1a: Latios|64/100|[from] Sandstorm
|upkeep
|
|t:|1644127092
|switch|p2a: Rotom|Rotom-Wash|100/100
|-damage|p2a: Rotom|88/100|[from] Stealth Rock
|turn|28
|
|t:|1644127108
|move|p1a: Latios|Draco Meteor|p2a: Rotom
|-damage|p2a: Rotom|43/100
|-unboost|p1a: Latios|spa|2
|move|p2a: Rotom|Hydro Pump|p1a: Latios
|-resisted|p1a: Latios
|-damage|p1a: Latios|38/100
|
|-weather|Sandstorm|[upkeep]
|-damage|p1a: Latios|32/100|[from] Sandstorm
|-damage|p2a: Rotom|37/100|[from] Sandstorm
|upkeep
|turn|29
|
|t:|1644127128
|switch|p1a: Tyranitar|Tyranitar, M|51/100
|-damage|p1a: Tyranitar|38/100|[from] Stealth Rock
|move|p2a: Rotom|Hydro Pump|p1a: Tyranitar
|-supereffective|p1a: Tyranitar
|-damage|p1a: Tyranitar|0 fnt
|faint|p1a: Tyranitar
|
|-weather|Sandstorm|[upkeep]
|-damage|p2a: Rotom|30/100|[from] Sandstorm
|upkeep
|c|☆z0mog|gg
|c|☆rhombus dancing|gg
|
|t:|1644127137
|switch|p1a: Latios|Latios, M|32/100
|-damage|p1a: Latios|20/100|[from] Stealth Rock
|turn|30
|
|t:|1644127155
|move|p1a: Latios|Dragon Pulse|p2a: Rotom
|-damage|p2a: Rotom|0 fnt
|faint|p2a: Rotom
|
|win|rhombus dancing
|n|☆rhombus dancing|rhombusdancing
|n|☆z0mog|z0mog
|n| BB-8-NU|bb8nu
|n| thatoneguyfrenzy|thatoneguyfrenzy
|n| Meritone|meritone
|n|+susciety|susciety
|n| zaaya ◜‿◝|zaaya
|n| bear kigurumi|bearkigurumi
|n| ibbysonlyfan|ibbysonlyfan
|n| TGA 3|tga3
|n| cursedstar|cursedstar
|n| The Winking Dol|thewinkingdol
|n| TDR|tdr
