|j|☆jasonkimball
|j|☆debido
|t:|1644034215
|gametype|singles
|player|p1|jasonkimball|1|
|player|p2|debido|chuck|
|teamsize|p1|6
|teamsize|p2|6
|gen|5
|tier|[Gen 5] OU
|rule|Species Clause: Limit one of each Pokémon
|rule|OHKO Clause: OHKO moves are banned
|rule|Moody Clause: Moody is banned
|rule|Evasion Moves Clause: Evasion moves are banned
|rule|Endless Battle Clause: Forcing endless battles is banned
|rule|HP Percentage Mod: HP is shown in percentages
|rule|Evasion Abilities Clause: Evasion abilities are banned
|rule|Sleep Clause: Sleep-inducing moves are banned
|rule|Swagger Clause: Swagger is banned
|clearpoke
|poke|p1|Oddish, F|item
|poke|p1|Nidoqueen, F|item
|poke|p1|Golbat, M|item
|poke|p1|Gengar, M|item
|poke|p1|Toxicroak, M|item
|poke|p1|Quagsire, M|item
|poke|p2|Whimsicott, M|item
|poke|p2|Togekiss, M|item
|poke|p2|Jirachi|item
|poke|p2|Shuckle, F|item
|poke|p2|Gengar, M|item
|poke|p2|Salamence, M|item
|teampreview
|
|t:|1644034223
|start
|switch|p1a: Oddish|Oddish, F|100/100
|switch|p2a: 2222222222222|Togekiss, M, shiny|100/100
|turn|1
|
|t:|1644034236
|move|p2a: 2222222222222|Fire Blast|p1a: Oddish
|-supereffective|p1a: Oddish
|-damage|p1a: Oddish|5/100
|move|p1a: Oddish|Toxic|p2a: 2222222222222
|-status|p2a: 2222222222222|tox
|-enditem|p2a: 2222222222222|Lum Berry|[eat]
|-curestatus|p2a: 2222222222222|tox|[msg]
|
|-heal|p1a: Oddish|11/100|[from] item: Leftovers
|upkeep
|turn|2
|
|t:|1644034253
|move|p1a: Oddish|Endure|p1a: Oddish
|-singleturn|p1a: Oddish|move: Endure
|move|p2a: 2222222222222|Air Slash|p1a: Oddish
|-supereffective|p1a: Oddish
|-activate|p1a: Oddish|move: Endure
|-damage|p1a: Oddish|1/100
|
|-heal|p1a: Oddish|7/100|[from] item: Leftovers
|upkeep
|turn|3
|
|t:|1644034269
|move|p2a: 2222222222222|Fire Blast|p1a: Oddish
|-supereffective|p1a: Oddish
|-damage|p1a: Oddish|0 fnt
|faint|p1a: Oddish
|
|upkeep
|
|t:|1644034276
|switch|p1a: Nidoqueen|Nidoqueen, F|100/100
|turn|4
|
|t:|1644034281
|move|p2a: 2222222222222|Thunder Wave|p1a: Nidoqueen
|-immune|p1a: Nidoqueen
|move|p1a: Nidoqueen|Toxic|p2a: 2222222222222|[miss]
|-miss|p1a: Nidoqueen|p2a: 2222222222222
|
|upkeep
|turn|5
|
|t:|1644034290
|move|p2a: 2222222222222|Aura Sphere|p1a: Nidoqueen
|-resisted|p1a: Nidoqueen
|-damage|p1a: Nidoqueen|90/100
|move|p1a: Nidoqueen|Toxic|p2a: 2222222222222
|-status|p2a: 2222222222222|tox
|
|-heal|p1a: Nidoqueen|96/100|[from] item: Leftovers
|-damage|p2a: 2222222222222|94/100 tox|[from] psn
|upkeep
|turn|6
|
|t:|1644034311
|move|p2a: 2222222222222|Air Slash|p1a: Nidoqueen
|-damage|p1a: Nidoqueen|68/100
|move|p1a: Nidoqueen|Water Pulse|p2a: 2222222222222
|-damage|p2a: 2222222222222|86/100 tox
|
|-heal|p1a: Nidoqueen|74/100|[from] item: Leftovers
|-damage|p2a: 2222222222222|73/100 tox|[from] psn
|upkeep
|turn|7
|
|t:|1644034319
|move|p2a: 2222222222222|Air Slash|p1a: Nidoqueen
|-crit|p1a: Nidoqueen
|-damage|p1a: Nidoqueen|13/100
|cant|p1a: Nidoqueen|flinch
|
|-heal|p1a: Nidoqueen|19/100|[from] item: Leftovers
|-damage|p2a: 2222222222222|55/100 tox|[from] psn
|upkeep
|turn|8
|
|t:|1644034329
|move|p1a: Nidoqueen|Protect|p1a: Nidoqueen
|-singleturn|p1a: Nidoqueen|Protect
|move|p2a: 2222222222222|Air Slash|p1a: Nidoqueen
|-activate|p1a: Nidoqueen|move: Protect
|
|-heal|p1a: Nidoqueen|25/100|[from] item: Leftovers
|-damage|p2a: 2222222222222|30/100 tox|[from] psn
|upkeep
|turn|9
|
|t:|1644034343
|switch|p2a: 3333333333333|Jirachi|100/100
|move|p1a: Nidoqueen|Protect||[still]
|-fail|p1a: Nidoqueen
|
|-heal|p1a: Nidoqueen|31/100|[from] item: Leftovers
|upkeep
|turn|10
|
|t:|1644034366
|move|p2a: 3333333333333|Iron Head|p1a: Nidoqueen
|-damage|p1a: Nidoqueen|5/100
|move|p1a: Nidoqueen|Water Pulse|p2a: 3333333333333
|-damage|p2a: 3333333333333|92/100
|
|-heal|p2a: 3333333333333|99/100|[from] item: Leftovers
|-heal|p1a: Nidoqueen|11/100|[from] item: Leftovers
|upkeep
|turn|11
|
|t:|1644034374
|move|p1a: Nidoqueen|Protect|p1a: Nidoqueen
|-singleturn|p1a: Nidoqueen|Protect
|move|p2a: 3333333333333|Iron Head|p1a: Nidoqueen
|-activate|p1a: Nidoqueen|move: Protect
|
|-heal|p2a: 3333333333333|100/100|[from] item: Leftovers
|-heal|p1a: Nidoqueen|17/100|[from] item: Leftovers
|upkeep
|turn|12
|
|t:|1644034390
|switch|p1a: Quagsire|Quagsire, M|100/100
|move|p2a: 3333333333333|Iron Head|p1a: Quagsire
|-resisted|p1a: Quagsire
|-damage|p1a: Quagsire|87/100
|
|-heal|p1a: Quagsire|93/100|[from] item: Leftovers
|upkeep
|turn|13
|j| Rafakeet
|
|t:|1644034424
|switch|p2a: 1111111111111|Whimsicott, M, shiny|100/100
|move|p1a: Quagsire|Mud-Slap|p2a: 1111111111111
|-resisted|p2a: 1111111111111
|-damage|p2a: 1111111111111|97/100
|-unboost|p2a: 1111111111111|accuracy|1
|
|-heal|p2a: 1111111111111|100/100|[from] item: Leftovers
|-heal|p1a: Quagsire|99/100|[from] item: Leftovers
|upkeep
|turn|14
|
|t:|1644034435
|move|p2a: 1111111111111|Stun Spore|p1a: Quagsire
|-status|p1a: Quagsire|par
|move|p1a: Quagsire|Toxic|p2a: 1111111111111|[miss]
|-miss|p1a: Quagsire|p2a: 1111111111111
|
|-heal|p1a: Quagsire|100/100 par|[from] item: Leftovers
|upkeep
|turn|15
|
|t:|1644034442
|move|p2a: 1111111111111|Leech Seed|p1a: Quagsire|[miss]
|-miss|p2a: 1111111111111|p1a: Quagsire
|move|p1a: Quagsire|Toxic|p2a: 1111111111111
|-status|p2a: 1111111111111|tox
|
|-damage|p2a: 1111111111111|94/100 tox|[from] psn
|upkeep
|turn|16
|
|t:|1644034455
|move|p2a: 1111111111111|Leech Seed|p1a: Quagsire
|-start|p1a: Quagsire|move: Leech Seed
|move|p1a: Quagsire|Mud-Slap|p2a: 1111111111111
|-resisted|p2a: 1111111111111
|-damage|p2a: 1111111111111|91/100 tox
|-unboost|p2a: 1111111111111|accuracy|1
|
|-heal|p2a: 1111111111111|97/100 tox|[from] item: Leftovers
|-damage|p1a: Quagsire|88/100 par|[from] Leech Seed|[of] p2a: 1111111111111
|-heal|p2a: 1111111111111|100/100 tox|[silent]
|-damage|p2a: 1111111111111|88/100 tox|[from] psn
|upkeep
|turn|17
|
|t:|1644034474
|move|p2a: 1111111111111|Encore|p1a: Quagsire
|-start|p1a: Quagsire|Encore
|move|p1a: Quagsire|Mud-Slap|p2a: 1111111111111
|-resisted|p2a: 1111111111111
|-damage|p2a: 1111111111111|85/100 tox
|-unboost|p2a: 1111111111111|accuracy|1
|
|-heal|p2a: 1111111111111|91/100 tox|[from] item: Leftovers
|-heal|p1a: Quagsire|94/100 par|[from] item: Leftovers
|-damage|p1a: Quagsire|82/100 par|[from] Leech Seed|[of] p2a: 1111111111111
|-heal|p2a: 1111111111111|100/100 tox|[silent]
|-damage|p2a: 1111111111111|82/100 tox|[from] psn
|upkeep
|turn|18
|
|t:|1644034492
|switch|p2a: 6666666666666|Gengar, M, shiny|100/100
|move|p1a: Quagsire|Mud-Slap|p2a: 6666666666666
|-immune|p2a: 6666666666666|[from] ability: Levitate
|
|-heal|p1a: Quagsire|88/100 par|[from] item: Leftovers
|-damage|p1a: Quagsire|75/100 par|[from] Leech Seed|[of] p2a: 6666666666666
|upkeep
|turn|19
|
|t:|1644034503
|move|p2a: 6666666666666|Thunderbolt|p1a: Quagsire
|-immune|p1a: Quagsire
|move|p1a: Quagsire|Mud-Slap|p2a: 6666666666666
|-immune|p2a: 6666666666666|[from] ability: Levitate
|
|-heal|p1a: Quagsire|81/100 par|[from] item: Leftovers
|-damage|p1a: Quagsire|69/100 par|[from] Leech Seed|[of] p2a: 6666666666666
|-end|p1a: Quagsire|Encore
|upkeep
|turn|20
|
|t:|1644034523
|switch|p1a: Gengar|Gengar, M|100/100
|move|p2a: 6666666666666|Shadow Ball|p1a: Gengar
|-supereffective|p1a: Gengar
|-damage|p1a: Gengar|0 fnt
|faint|p1a: Gengar
|-damage|p2a: 6666666666666|91/100|[from] item: Life Orb
|
|upkeep
|
|t:|1644034533
|switch|p1a: Toxicroak|Toxicroak, M|100/100
|turn|21
|
|t:|1644034547
|move|p1a: Toxicroak|Endure|p1a: Toxicroak
|-singleturn|p1a: Toxicroak|move: Endure
|move|p2a: 6666666666666|Shadow Ball|p1a: Toxicroak
|-crit|p1a: Toxicroak
|-activate|p1a: Toxicroak|move: Endure
|-damage|p1a: Toxicroak|1/100
|-damage|p2a: 6666666666666|81/100|[from] item: Life Orb
|
|-heal|p1a: Toxicroak|7/100|[from] item: Leftovers
|upkeep
|turn|22
|
|t:|1644034582
|move|p1a: Toxicroak|Endure|p1a: Toxicroak
|-singleturn|p1a: Toxicroak|move: Endure
|move|p2a: 6666666666666|Shadow Ball|p1a: Toxicroak
|-activate|p1a: Toxicroak|move: Endure
|-damage|p1a: Toxicroak|1/100
|-damage|p2a: 6666666666666|71/100|[from] item: Life Orb
|
|-heal|p1a: Toxicroak|7/100|[from] item: Leftovers
|upkeep
|turn|23
|j| Naturalharmoniax
|
|t:|1644034595
|move|p1a: Toxicroak|Endure|p1a: Toxicroak
|-singleturn|p1a: Toxicroak|move: Endure
|move|p2a: 6666666666666|Shadow Ball|p1a: Toxicroak
|-activate|p1a: Toxicroak|move: Endure
|-damage|p1a: Toxicroak|1/100
|-damage|p2a: 6666666666666|61/100|[from] item: Life Orb
|
|-heal|p1a: Toxicroak|7/100|[from] item: Leftovers
|upkeep
|turn|24
|l| Naturalharmoniax
|
|t:|1644034613
|move|p1a: Toxicroak|Endure||[still]
|-fail|p1a: Toxicroak
|move|p2a: 6666666666666|Shadow Ball|p1a: Toxicroak
|-damage|p1a: Toxicroak|0 fnt
|faint|p1a: Toxicroak
|-damage|p2a: 6666666666666|51/100|[from] item: Life Orb
|
|upkeep
|
|t:|1644034621
|switch|p1a: Golbat|Golbat, M|100/100
|turn|25
|
|t:|1644034628
|move|p1a: Golbat|Endure|p1a: Golbat
|-singleturn|p1a: Golbat|move: Endure
|move|p2a: 6666666666666|Explosion|p1a: Golbat
|-damage|p1a: Golbat|36/100
|faint|p2a: 6666666666666
|
|-heal|p1a: Golbat|42/100|[from] item: Leftovers
|upkeep
|
|t:|1644034640
|switch|p2a: 3333333333333|Jirachi|100/100
|turn|26
|
|t:|1644034648
|move|p2a: 3333333333333|Iron Head|p1a: Golbat
|-damage|p1a: Golbat|8/100
|move|p1a: Golbat|Giga Drain|p2a: 3333333333333
|-resisted|p2a: 3333333333333
|-damage|p2a: 3333333333333|96/100
|-heal|p1a: Golbat|10/100|[from] drain|[of] p2a: 3333333333333
|
|-heal|p2a: 3333333333333|100/100|[from] item: Leftovers
|-heal|p1a: Golbat|17/100|[from] item: Leftovers
|upkeep
|turn|27
|
|t:|1644034659
|move|p1a: Golbat|Endure|p1a: Golbat
|-singleturn|p1a: Golbat|move: Endure
|move|p2a: 3333333333333|Iron Head|p1a: Golbat
|-activate|p1a: Golbat|move: Endure
|-damage|p1a: Golbat|1/100
|
|-heal|p1a: Golbat|7/100|[from] item: Leftovers
|upkeep
|turn|28
|
|t:|1644034671
|move|p1a: Golbat|Endure|p1a: Golbat
|-singleturn|p1a: Golbat|move: Endure
|move|p2a: 3333333333333|Iron Head|p1a: Golbat
|-activate|p1a: Golbat|move: Endure
|-damage|p1a: Golbat|1/100
|
|-heal|p1a: Golbat|7/100|[from] item: Leftovers
|upkeep
|turn|29
|
|t:|1644034688
|move|p2a: 3333333333333|Stealth Rock|p1a: Golbat
|-sidestart|p1: jasonkimball|move: Stealth Rock
|move|p1a: Golbat|Confuse Ray|p2a: 3333333333333
|-start|p2a: 3333333333333|confusion
|
|-heal|p1a: Golbat|13/100|[from] item: Leftovers
|upkeep
|turn|30
|
|t:|1644034699
|-activate|p2a: 3333333333333|confusion
|-damage|p2a: 3333333333333|93/100|[from] confusion
|move|p1a: Golbat|Giga Drain|p2a: 3333333333333
|-resisted|p2a: 3333333333333
|-damage|p2a: 3333333333333|89/100
|-heal|p1a: Golbat|16/100|[from] drain|[of] p2a: 3333333333333
|
|-heal|p2a: 3333333333333|95/100|[from] item: Leftovers
|-heal|p1a: Golbat|22/100|[from] item: Leftovers
|upkeep
|turn|31
|
|t:|1644034710
|-activate|p2a: 3333333333333|confusion
|move|p2a: 3333333333333|Iron Head|p1a: Golbat
|-damage|p1a: Golbat|0 fnt
|faint|p1a: Golbat
|
|-heal|p2a: 3333333333333|100/100|[from] item: Leftovers
|upkeep
|
|t:|1644034715
|switch|p1a: Quagsire|Quagsire, M|69/100 par
|-damage|p1a: Quagsire|63/100 par|[from] Stealth Rock
|turn|32
|
|t:|1644034751
|switch|p2a: 5555555555555|Shuckle, F, shiny|100/100
|move|p1a: Quagsire|Mud-Slap|p2a: 5555555555555
|-damage|p2a: 5555555555555|96/100
|-unboost|p2a: 5555555555555|accuracy|1
|
|-heal|p2a: 5555555555555|100/100|[from] item: Leftovers
|-heal|p1a: Quagsire|69/100 par|[from] item: Leftovers
|upkeep
|turn|33
|
|t:|1644034762
|move|p2a: 5555555555555|Toxic||[still]
|-fail|p2a: 5555555555555
|cant|p1a: Quagsire|par
|
|-heal|p1a: Quagsire|75/100 par|[from] item: Leftovers
|upkeep
|turn|34
|
|t:|1644034774
|switch|p2a: 4444444444444|Salamence, M|100/100
|-ability|p2a: 4444444444444|Intimidate|boost
|-unboost|p1a: Quagsire|atk|1
|move|p1a: Quagsire|Toxic|p2a: 4444444444444
|-status|p2a: 4444444444444|tox
|
|-heal|p1a: Quagsire|81/100 par|[from] item: Leftovers
|-damage|p2a: 4444444444444|94/100 tox|[from] psn
|upkeep
|turn|35
|
|t:|1644034787
|move|p2a: 4444444444444|Dragon Dance|p2a: 4444444444444
|-boost|p2a: 4444444444444|atk|1
|-boost|p2a: 4444444444444|spe|1
|move|p1a: Quagsire|Mud-Slap|p2a: 4444444444444
|-immune|p2a: 4444444444444
|
|-heal|p1a: Quagsire|87/100 par|[from] item: Leftovers
|-damage|p2a: 4444444444444|82/100 tox|[from] psn
|upkeep
|turn|36
|
|t:|1644034800
|move|p1a: Quagsire|Endure|p1a: Quagsire
|-singleturn|p1a: Quagsire|move: Endure
|move|p2a: 4444444444444|Dragon Dance|p2a: 4444444444444
|-boost|p2a: 4444444444444|atk|1
|-boost|p2a: 4444444444444|spe|1
|
|-heal|p1a: Quagsire|93/100 par|[from] item: Leftovers
|-damage|p2a: 4444444444444|64/100 tox|[from] psn
|upkeep
|turn|37
|
|t:|1644034816
|move|p1a: Quagsire|Endure|p1a: Quagsire
|-singleturn|p1a: Quagsire|move: Endure
|move|p2a: 4444444444444|Outrage|p1a: Quagsire
|-activate|p1a: Quagsire|move: Endure
|-damage|p1a: Quagsire|1/100 par
|-damage|p2a: 4444444444444|54/100 tox|[from] item: Life Orb
|
|-heal|p1a: Quagsire|7/100 par|[from] item: Leftovers
|-damage|p2a: 4444444444444|30/100 tox|[from] psn
|upkeep
|turn|38
|
|t:|1644034828
|move|p2a: 4444444444444|Outrage|p1a: Quagsire|[from]lockedmove
|-damage|p1a: Quagsire|0 fnt
|faint|p1a: Quagsire
|-damage|p2a: 4444444444444|20/100 tox|[from] item: Life Orb
|-start|p2a: 4444444444444|confusion|[fatigue]
|
|-damage|p2a: 4444444444444|0 fnt|[from] psn
|faint|p2a: 4444444444444
|upkeep
|
|t:|1644034864
|switch|p2a: 3333333333333|Jirachi|100/100
|switch|p1a: Nidoqueen|Nidoqueen, F|17/100
|-damage|p1a: Nidoqueen|11/100|[from] Stealth Rock
|turn|39
|
|t:|1644034878
|move|p2a: 3333333333333|Iron Head|p1a: Nidoqueen
|-damage|p1a: Nidoqueen|0 fnt
|faint|p1a: Nidoqueen
|
|win|debido
