|j|☆patboiii
|j|☆Ashes Tears
|t:|1640356065
|gametype|singles
|player|p1|patboiii|lillie|
|player|p2|Ashes Tears|winona|
|teamsize|p1|6
|teamsize|p2|6
|gen|5
|tier|[Gen 5] UU
|rated|Tournament battle
|rule|Species Clause: Limit one of each Pokémon
|rule|OHKO Clause: OHKO moves are banned
|rule|Moody Clause: Moody is banned
|rule|Evasion Moves Clause: Evasion moves are banned
|rule|Endless Battle Clause: Forcing endless battles is banned
|rule|HP Percentage Mod: HP is shown in percentages
|rule|Evasion Abilities Clause: Evasion abilities are banned
|rule|Swagger Clause: Swagger is banned
|rule|Sleep Clause Mod: Limit one foe put to sleep
|clearpoke
|poke|p1|Snorlax, M|item
|poke|p1|Victini|item
|poke|p1|Zapdos|item
|poke|p1|Flygon, M|item
|poke|p1|Milotic, F|item
|poke|p1|Bisharp, F|item
|poke|p2|Mew|item
|poke|p2|Darmanitan, F|item
|poke|p2|Lanturn, M|item
|poke|p2|Xatu, M|item
|poke|p2|Mienshao, F|item
|poke|p2|Gligar, M|item
|teampreview
|j| BB-8-NU
|c|☆patboiii|hf
|j| 98flashyt
|c|☆Ashes Tears|hf
|j| Simp for Serena
|
|t:|1640356086
|start
|switch|p1a: Fly is gone|Flygon, M|100/100
|switch|p2a: Darmanitan|Darmanitan, F|100/100
|turn|1
|l| Simp for Serena
|
|t:|1640356094
|switch|p2a: Xatu|Xatu, M|100/100
|move|p1a: Fly is gone|U-turn|p2a: Xatu
|-damage|p2a: Xatu|81/100
|-damage|p1a: Fly is gone|84/100|[from] item: Rocky Helmet|[of] p2a: Xatu
|
|t:|1640356099
|switch|p1a: Zap the Strike!|Zapdos|100/100|[from]move: U-turn
|-ability|p1a: Zap the Strike!|Pressure
|
|upkeep
|turn|2
|
|t:|1640356103
|switch|p2a: Lanturn|Lanturn, M|100/100
|move|p1a: Zap the Strike!|Thunderbolt|p2a: Lanturn
|-immune|p2a: Lanturn|[from] ability: Volt Absorb
|
|upkeep
|turn|3
|j| Mimikyu Stardust
|
|t:|1640356107
|move|p1a: Zap the Strike!|Hidden Power|p2a: Lanturn
|-supereffective|p2a: Lanturn
|-damage|p2a: Lanturn|59/100
|-damage|p1a: Zap the Strike!|91/100|[from] item: Life Orb
|move|p2a: Lanturn|Volt Switch|p1a: Zap the Strike!
|-damage|p1a: Zap the Strike!|70/100
|
|t:|1640356114
|switch|p2a: Mienshao|Mienshao, F|100/100|[from]move: Volt Switch
|
|upkeep
|turn|4
|
|t:|1640356124
|switch|p1a: Milo was bad show|Milotic, F|100/100
|move|p2a: Mienshao|Stone Edge|p1a: Milo was bad show
|-damage|p1a: Milo was bad show|70/100
|-damage|p2a: Mienshao|91/100|[from] item: Life Orb
|
|-heal|p1a: Milo was bad show|76/100|[from] item: Leftovers
|upkeep
|turn|5
|
|t:|1640356129
|move|p2a: Mienshao|High Jump Kick|p1a: Milo was bad show
|-damage|p1a: Milo was bad show|13/100
|-damage|p2a: Mienshao|81/100|[from] item: Life Orb
|move|p1a: Milo was bad show|Scald|p2a: Mienshao
|-damage|p2a: Mienshao|25/100
|
|-heal|p1a: Milo was bad show|19/100|[from] item: Leftovers
|upkeep
|turn|6
|
|t:|1640356162
|move|p2a: Mienshao|U-turn|p1a: Milo was bad show
|-damage|p1a: Milo was bad show|0 fnt
|faint|p1a: Milo was bad show
|-damage|p2a: Mienshao|16/100|[from] item: Life Orb
|
|t:|1640356176
|switch|p2a: Darmanitan|Darmanitan, F|100/100|[from]move: U-turn
|
|upkeep
|
|t:|1640356186
|switch|p1a: Fly is gone|Flygon, M|84/100
|turn|7
|
|t:|1640356190
|switch|p2a: Xatu|Xatu, M|81/100
|move|p1a: Fly is gone|Earthquake|p2a: Xatu
|-immune|p2a: Xatu
|
|upkeep
|turn|8
|
|t:|1640356202
|switch|p1a: Zap the Strike!|Zapdos|70/100
|-ability|p1a: Zap the Strike!|Pressure
|move|p2a: Xatu|U-turn|p1a: Zap the Strike!
|-resisted|p1a: Zap the Strike!
|-damage|p1a: Zap the Strike!|62/100
|
|t:|1640356206
|switch|p2a: Mienshao|Mienshao, F|49/100|[from]move: U-turn
|
|upkeep
|turn|9
|
|t:|1640356212
|move|p2a: Mienshao|Stone Edge|p1a: Zap the Strike!
|-supereffective|p1a: Zap the Strike!
|-damage|p1a: Zap the Strike!|0 fnt
|faint|p1a: Zap the Strike!
|-damage|p2a: Mienshao|39/100|[from] item: Life Orb
|
|upkeep
|
|t:|1640356219
|switch|p1a: Fly is gone|Flygon, M|84/100
|turn|10
|
|t:|1640356222
|switch|p2a: Xatu|Xatu, M|81/100
|move|p1a: Fly is gone|Outrage|p2a: Xatu
|-damage|p2a: Xatu|33/100
|-damage|p1a: Fly is gone|67/100|[from] item: Rocky Helmet|[of] p2a: Xatu
|
|upkeep
|turn|11
|
|t:|1640356228
|move|p1a: Fly is gone|Outrage|p2a: Xatu|[from]lockedmove
|-damage|p2a: Xatu|0 fnt
|-damage|p1a: Fly is gone|51/100|[from] item: Rocky Helmet|[of] p2a: Xatu
|faint|p2a: Xatu
|
|upkeep
|
|t:|1640356231
|switch|p2a: Gligar|Gligar, M|100/100
|turn|12
|
|t:|1640356234
|move|p1a: Fly is gone|Outrage|p2a: Gligar|[from]lockedmove
|-damage|p2a: Gligar|78/100
|-start|p1a: Fly is gone|confusion|[fatigue]
|move|p2a: Gligar|Stealth Rock|p1a: Fly is gone
|-sidestart|p1: patboiii|move: Stealth Rock
|
|upkeep
|turn|13
|
|t:|1640356244
|switch|p1a: Snor the woz|Snorlax, M|100/100
|-damage|p1a: Snor the woz|88/100|[from] Stealth Rock
|move|p2a: Gligar|Earthquake|p1a: Snor the woz
|-damage|p1a: Snor the woz|61/100
|
|-heal|p1a: Snor the woz|67/100|[from] item: Leftovers
|upkeep
|turn|14
|
|t:|1640356257
|move|p2a: Gligar|U-turn|p1a: Snor the woz
|-damage|p1a: Snor the woz|54/100
|
|t:|1640356261
|switch|p2a: Mienshao|Mienshao, F|72/100|[from]move: U-turn
|move|p1a: Snor the woz|Return|p2a: Mienshao
|-damage|p2a: Mienshao|0 fnt
|faint|p2a: Mienshao
|
|-heal|p1a: Snor the woz|60/100|[from] item: Leftovers
|upkeep
|
|t:|1640356263
|switch|p2a: Darmanitan|Darmanitan, F|100/100
|turn|15
|
|t:|1640356268
|move|p2a: Darmanitan|Flare Blitz|p1a: Snor the woz
|-damage|p1a: Snor the woz|19/100
|-damage|p2a: Darmanitan|83/100|[from] Recoil
|move|p1a: Snor the woz|Earthquake|p2a: Darmanitan
|-supereffective|p2a: Darmanitan
|-damage|p2a: Darmanitan|0 fnt
|faint|p2a: Darmanitan
|
|-heal|p1a: Snor the woz|25/100|[from] item: Leftovers
|upkeep
|
|t:|1640356274
|switch|p2a: Mew|Mew|100/100
|turn|16
|
|t:|1640356277
|move|p2a: Mew|Psychic|p1a: Snor the woz
|-crit|p1a: Snor the woz
|-damage|p1a: Snor the woz|0 fnt
|faint|p1a: Snor the woz
|
|upkeep
|
|t:|1640356286
|switch|p1a: Sharp ur pencil|Bisharp, F|100/100
|-damage|p1a: Sharp ur pencil|95/100|[from] Stealth Rock
|turn|17
|
|t:|1640356290
|switch|p2a: Gligar|Gligar, M|78/100
|move|p1a: Sharp ur pencil|Sucker Punch||[still]
|-fail|p1a: Sharp ur pencil
|
|-heal|p1a: Sharp ur pencil|100/100|[from] item: Leftovers
|upkeep
|turn|18
|
|t:|1640356309
|move|p1a: Sharp ur pencil|Substitute|p1a: Sharp ur pencil
|-start|p1a: Sharp ur pencil|Substitute
|-damage|p1a: Sharp ur pencil|75/100
|move|p2a: Gligar|Earthquake|p1a: Sharp ur pencil
|-supereffective|p1a: Sharp ur pencil
|-end|p1a: Sharp ur pencil|Substitute
|
|-heal|p1a: Sharp ur pencil|81/100|[from] item: Leftovers
|upkeep
|turn|19
|
|t:|1640356321
|move|p1a: Sharp ur pencil|Sucker Punch|p2a: Gligar
|-damage|p2a: Gligar|58/100
|move|p2a: Gligar|Earthquake|p1a: Sharp ur pencil
|-supereffective|p1a: Sharp ur pencil
|-damage|p1a: Sharp ur pencil|10/100
|
|-heal|p1a: Sharp ur pencil|16/100|[from] item: Leftovers
|upkeep
|turn|20
|
|t:|1640356336
|move|p1a: Sharp ur pencil|Sucker Punch||[still]
|-fail|p1a: Sharp ur pencil
|move|p2a: Gligar|Roost|p2a: Gligar
|-heal|p2a: Gligar|100/100
|-singleturn|p2a: Gligar|move: Roost
|
|-heal|p1a: Sharp ur pencil|22/100|[from] item: Leftovers
|upkeep
|turn|21
|
|t:|1640356355
|move|p1a: Sharp ur pencil|Sucker Punch|p2a: Gligar
|-damage|p2a: Gligar|81/100
|move|p2a: Gligar|Earthquake|p1a: Sharp ur pencil
|-supereffective|p1a: Sharp ur pencil
|-damage|p1a: Sharp ur pencil|0 fnt
|faint|p1a: Sharp ur pencil
|
|upkeep
|
|t:|1640356357
|switch|p1a: Victory yeah!|Victini|100/100
|-damage|p1a: Victory yeah!|76/100|[from] Stealth Rock
|turn|22
|
|t:|1640356360
|move|p1a: Victory yeah!|V-create|p2a: Gligar
|-damage|p2a: Gligar|21/100
|-unboost|p1a: Victory yeah!|spe|1
|-unboost|p1a: Victory yeah!|def|1
|-unboost|p1a: Victory yeah!|spd|1
|move|p2a: Gligar|Roost|p2a: Gligar
|-heal|p2a: Gligar|71/100
|-singleturn|p2a: Gligar|move: Roost
|
|upkeep
|turn|23
|
|t:|1640356364
|move|p1a: Victory yeah!|V-create|p2a: Gligar
|-damage|p2a: Gligar|17/100
|-unboost|p1a: Victory yeah!|spe|1
|-unboost|p1a: Victory yeah!|def|1
|-unboost|p1a: Victory yeah!|spd|1
|move|p2a: Gligar|Roost|p2a: Gligar
|-heal|p2a: Gligar|67/100
|-singleturn|p2a: Gligar|move: Roost
|
|upkeep
|turn|24
|
|t:|1640356366
|move|p2a: Gligar|Roost|p2a: Gligar
|-heal|p2a: Gligar|100/100
|-singleturn|p2a: Gligar|move: Roost
|move|p1a: Victory yeah!|V-create|p2a: Gligar
|-damage|p2a: Gligar|46/100
|-unboost|p1a: Victory yeah!|spe|1
|-unboost|p1a: Victory yeah!|def|1
|-unboost|p1a: Victory yeah!|spd|1
|
|upkeep
|turn|25
|j| TheDarkRising
|
|t:|1640356371
|switch|p1a: Fly is gone|Flygon, M|51/100
|-damage|p1a: Fly is gone|45/100|[from] Stealth Rock
|move|p2a: Gligar|Earthquake|p1a: Fly is gone
|-immune|p1a: Fly is gone|[from] ability: Levitate
|
|upkeep
|turn|26
|
|t:|1640356377
|move|p1a: Fly is gone|Outrage|p2a: Gligar
|-damage|p2a: Gligar|21/100
|move|p2a: Gligar|Roost|p2a: Gligar
|-heal|p2a: Gligar|71/100
|-singleturn|p2a: Gligar|move: Roost
|
|upkeep
|turn|27
|
|t:|1640356382
|move|p1a: Fly is gone|Outrage|p2a: Gligar|[from]lockedmove
|-damage|p2a: Gligar|44/100
|-start|p1a: Fly is gone|confusion|[fatigue]
|move|p2a: Gligar|Roost|p2a: Gligar
|-heal|p2a: Gligar|94/100
|-singleturn|p2a: Gligar|move: Roost
|
|upkeep
|turn|28
|c|☆patboiii|i forgot how bulky this thing was jesus
|
|t:|1640356409
|-activate|p1a: Fly is gone|confusion
|move|p1a: Fly is gone|Outrage|p2a: Gligar
|-damage|p2a: Gligar|68/100
|move|p2a: Gligar|U-turn|p1a: Fly is gone
|-damage|p1a: Fly is gone|27/100
|
|t:|1640356418
|switch|p2a: Mew|Mew|100/100|[from]move: U-turn
|
|upkeep
|turn|29
|
|t:|1640356420
|move|p2a: Mew|U-turn|p1a: Fly is gone
|-damage|p1a: Fly is gone|6/100
|
|t:|1640356422
|switch|p2a: Lanturn|Lanturn, M|59/100|[from]move: U-turn
|-activate|p1a: Fly is gone|confusion
|-damage|p1a: Fly is gone|0 fnt|[from] confusion
|faint|p1a: Fly is gone
|
|-heal|p2a: Lanturn|65/100|[from] item: Leftovers
|upkeep
|
|t:|1640356426
|switch|p1a: Victory yeah!|Victini|76/100
|-damage|p1a: Victory yeah!|51/100|[from] Stealth Rock
|turn|30
|
|t:|1640356439
|move|p1a: Victory yeah!|Zen Headbutt|p2a: Lanturn
|-damage|p2a: Lanturn|3/100
|move|p2a: Lanturn|Scald|p1a: Victory yeah!
|-supereffective|p1a: Victory yeah!
|-damage|p1a: Victory yeah!|3/100
|
|-heal|p2a: Lanturn|9/100|[from] item: Leftovers
|upkeep
|turn|31
|
|t:|1640356442
|move|p1a: Victory yeah!|Zen Headbutt|p2a: Lanturn
|-damage|p2a: Lanturn|0 fnt
|faint|p2a: Lanturn
|
|upkeep
|j| TheNewBrends11
|
|t:|1640356444
|switch|p2a: Mew|Mew|100/100
|turn|32
|
|t:|1640356446
|move|p2a: Mew|U-turn|p1a: Victory yeah!
|-crit|p1a: Victory yeah!
|-damage|p1a: Victory yeah!|0 fnt
|faint|p1a: Victory yeah!
|
|win|Ashes Tears
|n|☆patboiii|patboiii
|n|☆Ashes Tears|ashestears
|n| BB-8-NU|bb8nu
|n| 98flashyt|98flashyt
|n| Mimikyu Stardust|mimikyustardust
|n| TheDarkRising|thedarkrising
|n| TheNewBrends11|thenewbrends11
|l| BB-8-NU
|c|☆Ashes Tears|Gg
|c|☆patboiii|ggs
|l| 98flashyt
|l|☆patboiii
|l| Mimikyu Stardust
|l| TheNewBrends11
|l|☆Ashes Tears
