|j|☆257m
|j|☆Elcabezaderodilla
|t:|1644109941
|gametype|singles
|player|p1|257m|nate|1160
|player|p2|Elcabezaderodilla|will|1419
|teamsize|p1|6
|teamsize|p2|6
|gen|5
|tier|[Gen 5] OU
|rated|
|rule|Species Clause: Limit one of each Pokémon
|rule|OHKO Clause: OHKO moves are banned
|rule|Moody Clause: Moody is banned
|rule|Evasion Moves Clause: Evasion moves are banned
|rule|Endless Battle Clause: Forcing endless battles is banned
|rule|HP Percentage Mod: HP is shown in percentages
|rule|Evasion Abilities Clause: Evasion abilities are banned
|rule|Sleep Clause: Sleep-inducing moves are banned
|rule|Swagger Clause: Swagger is banned
|clearpoke
|poke|p1|Forretress, M|item
|poke|p1|Landorus-Therian, M|item
|poke|p1|Volcarona, M|item
|poke|p1|Reuniclus, M|item
|poke|p1|Blissey, F|item
|poke|p1|Jolteon, M|item
|poke|p2|Arcanine, F|item
|poke|p2|Gyarados, F|item
|poke|p2|Qwilfish, M|item
|poke|p2|Blissey, F|item
|poke|p2|Jellicent, F|item
|poke|p2|Forretress, M|item
|teampreview
|inactive|Battle timer is ON: inactive players will automatically lose when time's up. (requested by 257m)
|
|t:|1644109947
|start
|switch|p1a: Jolteon|Jolteon, M|100/100
|switch|p2a: Forretress|Forretress, M|100/100
|turn|1
|
|t:|1644109957
|switch|p2a: Blissey|Blissey, F|100/100
|move|p1a: Jolteon|Volt Switch|p2a: Blissey
|-damage|p2a: Blissey|81/100
|
|t:|1644109970
|switch|p1a: Forretress|Forretress, M|100/100|[from]move: Volt Switch
|
|-heal|p2a: Blissey|87/100|[from] item: Leftovers
|upkeep
|turn|2
|inactive|Elcabezaderodilla has 120 seconds left.
|
|t:|1644110002
|switch|p2a: Forretress|Forretress, M|100/100
|move|p1a: Forretress|Stealth Rock|p2a: Forretress
|-sidestart|p2: Elcabezaderodilla|move: Stealth Rock
|
|upkeep
|turn|3
|
|t:|1644110008
|switch|p1a: Reuniclus|Reuniclus, M, shiny|100/100
|move|p2a: Forretress|Rapid Spin|p1a: Reuniclus
|-damage|p1a: Reuniclus|97/100
|-sideend|p2: Elcabezaderodilla|Stealth Rock|[from] move: Rapid Spin|[of] p2a: Forretress
|
|-status|p1a: Reuniclus|tox|[from] item: Toxic Orb
|upkeep
|turn|4
|
|t:|1644110017
|move|p2a: Forretress|Stealth Rock|p1a: Reuniclus
|-sidestart|p1: 257m|move: Stealth Rock
|move|p1a: Reuniclus|Acid Armor|p1a: Reuniclus
|-boost|p1a: Reuniclus|def|2
|
|upkeep
|turn|5
|
|t:|1644110020
|switch|p2a: Arcanine|Arcanine, F|100/100
|-ability|p2a: Arcanine|Intimidate|boost
|-unboost|p1a: Reuniclus|atk|1
|move|p1a: Reuniclus|Calm Mind|p1a: Reuniclus
|-boost|p1a: Reuniclus|spa|1
|-boost|p1a: Reuniclus|spd|1
|
|upkeep
|turn|6
|
|t:|1644110024
|move|p1a: Reuniclus|Acid Armor|p1a: Reuniclus
|-boost|p1a: Reuniclus|def|2
|move|p2a: Arcanine|Roar|p1a: Reuniclus
|drag|p1a: Jolteon|Jolteon, M|100/100
|-damage|p1a: Jolteon|88/100|[from] Stealth Rock
|
|upkeep
|turn|7
|
|t:|1644110030
|switch|p2a: Blissey|Blissey, F|87/100
|move|p1a: Jolteon|Volt Switch|p2a: Blissey
|-damage|p2a: Blissey|70/100
|
|t:|1644110036
|switch|p1a: Forretress|Forretress, M|100/100|[from]move: Volt Switch
|-damage|p1a: Forretress|88/100|[from] Stealth Rock
|
|-heal|p2a: Blissey|76/100|[from] item: Leftovers
|upkeep
|turn|8
|
|t:|1644110048
|switch|p2a: Jellicent|Jellicent, F|100/100
|move|p1a: Forretress|Rapid Spin|p2a: Jellicent
|-immune|p2a: Jellicent
|
|upkeep
|turn|9
|
|t:|1644110052
|move|p2a: Jellicent|Taunt|p1a: Forretress
|-start|p1a: Forretress|move: Taunt
|cant|p1a: Forretress|move: Taunt|Stealth Rock
|
|upkeep
|turn|10
|
|t:|1644110064
|switch|p1a: Jolteon|Jolteon, M|88/100
|-damage|p1a: Jolteon|76/100|[from] Stealth Rock
|move|p2a: Jellicent|Will-O-Wisp|p1a: Jolteon|[miss]
|-miss|p2a: Jellicent|p1a: Jolteon
|
|upkeep
|turn|11
|
|t:|1644110069
|switch|p2a: Blissey|Blissey, F|76/100
|move|p1a: Jolteon|Volt Switch|p2a: Blissey
|-damage|p2a: Blissey|57/100
|
|t:|1644110075
|switch|p1a: Forretress|Forretress, M|88/100|[from]move: Volt Switch
|-damage|p1a: Forretress|76/100|[from] Stealth Rock
|
|-heal|p2a: Blissey|63/100|[from] item: Leftovers
|upkeep
|turn|12
|
|t:|1644110079
|move|p2a: Blissey|Seismic Toss|p1a: Forretress
|-damage|p1a: Forretress|47/100
|move|p1a: Forretress|Stealth Rock|p2a: Blissey
|-sidestart|p2: Elcabezaderodilla|move: Stealth Rock
|
|-heal|p2a: Blissey|69/100|[from] item: Leftovers
|upkeep
|turn|13
|
|t:|1644110086
|move|p2a: Blissey|Wish|p2a: Blissey
|move|p1a: Forretress|Spikes|p2a: Blissey
|-sidestart|p2: Elcabezaderodilla|Spikes
|
|-heal|p2a: Blissey|76/100|[from] item: Leftovers
|upkeep
|turn|14
|
|t:|1644110091
|switch|p2a: Forretress|Forretress, M|100/100
|-damage|p2a: Forretress|88/100|[from] Spikes
|-damage|p2a: Forretress|76/100|[from] Stealth Rock
|move|p1a: Forretress|Rapid Spin|p2a: Forretress
|-resisted|p2a: Forretress
|-damage|p2a: Forretress|74/100
|-sideend|p1: 257m|Stealth Rock|[from] move: Rapid Spin|[of] p1a: Forretress
|
|-heal|p2a: Forretress|100/100|[from] move: Wish|[wisher] Blissey
|upkeep
|turn|15
|
|t:|1644110098
|switch|p1a: Volcarona|Volcarona, M|100/100
|move|p2a: Forretress|Rapid Spin|p1a: Volcarona
|-damage|p1a: Volcarona|96/100
|-sideend|p2: Elcabezaderodilla|Spikes|[from] move: Rapid Spin|[of] p2a: Forretress
|-sideend|p2: Elcabezaderodilla|Stealth Rock|[from] move: Rapid Spin|[of] p2a: Forretress
|
|upkeep
|turn|16
|
|t:|1644110104
|switch|p2a: Blissey|Blissey, F|76/100
|move|p1a: Volcarona|Quiver Dance|p1a: Volcarona
|-boost|p1a: Volcarona|spa|1
|-boost|p1a: Volcarona|spd|1
|-boost|p1a: Volcarona|spe|1
|
|-heal|p2a: Blissey|82/100|[from] item: Leftovers
|upkeep
|turn|17
|
|t:|1644110112
|move|p1a: Volcarona|Quiver Dance|p1a: Volcarona
|-boost|p1a: Volcarona|spa|1
|-boost|p1a: Volcarona|spd|1
|-boost|p1a: Volcarona|spe|1
|move|p2a: Blissey|Toxic|p1a: Volcarona
|-status|p1a: Volcarona|tox
|-enditem|p1a: Volcarona|Lum Berry|[eat]
|-curestatus|p1a: Volcarona|tox|[msg]
|
|-heal|p2a: Blissey|88/100|[from] item: Leftovers
|upkeep
|turn|18
|
|t:|1644110122
|move|p1a: Volcarona|Fiery Dance|p2a: Blissey
|-damage|p2a: Blissey|53/100
|move|p2a: Blissey|Toxic|p1a: Volcarona
|-status|p1a: Volcarona|tox
|
|-heal|p2a: Blissey|59/100|[from] item: Leftovers
|-damage|p1a: Volcarona|90/100 tox|[from] psn
|upkeep
|turn|19
|
|t:|1644110126
|move|p2a: Blissey|Protect|p2a: Blissey
|-singleturn|p2a: Blissey|Protect
|move|p1a: Volcarona|Fiery Dance|p2a: Blissey
|-activate|p2a: Blissey|move: Protect
|
|-heal|p2a: Blissey|65/100|[from] item: Leftovers
|-damage|p1a: Volcarona|77/100 tox|[from] psn
|upkeep
|turn|20
|
|t:|1644110129
|move|p1a: Volcarona|Fiery Dance|p2a: Blissey
|-damage|p2a: Blissey|32/100
|move|p2a: Blissey|Wish|p2a: Blissey
|
|-heal|p2a: Blissey|39/100|[from] item: Leftovers
|-damage|p1a: Volcarona|59/100 tox|[from] psn
|upkeep
|turn|21
|
|t:|1644110133
|move|p2a: Blissey|Protect|p2a: Blissey
|-singleturn|p2a: Blissey|Protect
|move|p1a: Volcarona|Quiver Dance|p1a: Volcarona
|-boost|p1a: Volcarona|spa|1
|-boost|p1a: Volcarona|spd|1
|-boost|p1a: Volcarona|spe|1
|
|-heal|p2a: Blissey|89/100|[from] move: Wish|[wisher] Blissey
|-heal|p2a: Blissey|95/100|[from] item: Leftovers
|-damage|p1a: Volcarona|35/100 tox|[from] psn
|upkeep
|turn|22
|
|t:|1644110135
|move|p1a: Volcarona|Fiery Dance|p2a: Blissey
|-damage|p2a: Blissey|54/100
|move|p2a: Blissey|Wish|p2a: Blissey
|
|-heal|p2a: Blissey|60/100|[from] item: Leftovers
|-damage|p1a: Volcarona|4/100 tox|[from] psn
|upkeep
|turn|23
|
|t:|1644110138
|move|p2a: Blissey|Protect|p2a: Blissey
|-singleturn|p2a: Blissey|Protect
|move|p1a: Volcarona|Fiery Dance|p2a: Blissey
|-activate|p2a: Blissey|move: Protect
|
|-heal|p2a: Blissey|100/100|[from] move: Wish|[wisher] Blissey
|-damage|p1a: Volcarona|0 fnt|[from] psn
|faint|p1a: Volcarona
|upkeep
|
|t:|1644110142
|switch|p1a: Reuniclus|Reuniclus, M, shiny|97/100 tox
|turn|24
|
|t:|1644110147
|switch|p2a: Jellicent|Jellicent, F|100/100
|move|p1a: Reuniclus|Energy Ball|p2a: Jellicent
|-supereffective|p2a: Jellicent
|-damage|p2a: Jellicent|74/100
|
|-heal|p2a: Jellicent|80/100|[from] item: Leftovers
|upkeep
|turn|25
|
|t:|1644110151
|move|p2a: Jellicent|Taunt|p1a: Reuniclus
|-start|p1a: Reuniclus|move: Taunt
|cant|p1a: Reuniclus|move: Taunt|Calm Mind
|
|-heal|p2a: Jellicent|87/100|[from] item: Leftovers
|upkeep
|turn|26
|
|t:|1644110158
|switch|p2a: Forretress|Forretress, M|100/100
|move|p1a: Reuniclus|Energy Ball|p2a: Forretress
|-resisted|p2a: Forretress
|-damage|p2a: Forretress|93/100
|
|-heal|p2a: Forretress|99/100|[from] item: Leftovers
|upkeep
|turn|27
|
|t:|1644110172
|switch|p1a: Landorus|Landorus-Therian, M|100/100
|-ability|p1a: Landorus|Intimidate|boost
|-unboost|p2a: Forretress|atk|1
|move|p2a: Forretress|Stealth Rock|p1a: Landorus
|-sidestart|p1: 257m|move: Stealth Rock
|
|-heal|p2a: Forretress|100/100|[from] item: Leftovers
|upkeep
|turn|28
|
|t:|1644110180
|switch|p2a: Gyarados|Gyarados, F|100/100
|-ability|p2a: Gyarados|Intimidate|boost
|-unboost|p1a: Landorus|atk|1
|move|p1a: Landorus|Stealth Rock|p2a: Gyarados
|-sidestart|p2: Elcabezaderodilla|move: Stealth Rock
|
|upkeep
|turn|29
|
|t:|1644110185
|move|p1a: Landorus|U-turn|p2a: Gyarados
|-resisted|p2a: Gyarados
|-damage|p2a: Gyarados|94/100
|
|t:|1644110189
|switch|p1a: Jolteon|Jolteon, M|76/100|[from]move: U-turn
|-damage|p1a: Jolteon|64/100|[from] Stealth Rock
|move|p2a: Gyarados|Substitute|p2a: Gyarados
|-start|p2a: Gyarados|Substitute
|-damage|p2a: Gyarados|69/100
|
|-heal|p2a: Gyarados|75/100|[from] item: Leftovers
|upkeep
|turn|30
|
|t:|1644110196
|move|p1a: Jolteon|Thunderbolt|p2a: Gyarados
|-supereffective|p2a: Gyarados
|-end|p2a: Gyarados|Substitute
|move|p2a: Gyarados|Dragon Dance|p2a: Gyarados
|-boost|p2a: Gyarados|atk|1
|-boost|p2a: Gyarados|spe|1
|
|-heal|p2a: Gyarados|81/100|[from] item: Leftovers
|upkeep
|turn|31
|
|t:|1644110199
|switch|p2a: Blissey|Blissey, F|100/100
|-damage|p2a: Blissey|88/100|[from] Stealth Rock
|move|p1a: Jolteon|Thunderbolt|p2a: Blissey
|-damage|p2a: Blissey|64/100
|
|-heal|p2a: Blissey|71/100|[from] item: Leftovers
|upkeep
|turn|32
|
|t:|1644110204
|switch|p1a: Forretress|Forretress, M|47/100
|-damage|p1a: Forretress|35/100|[from] Stealth Rock
|move|p2a: Blissey|Wish|p2a: Blissey
|
|-heal|p2a: Blissey|77/100|[from] item: Leftovers
|upkeep
|turn|33
|
|t:|1644110209
|switch|p2a: Forretress|Forretress, M|100/100
|-damage|p2a: Forretress|88/100|[from] Stealth Rock
|move|p1a: Forretress|Spikes|p2a: Forretress
|-sidestart|p2: Elcabezaderodilla|Spikes
|
|-heal|p2a: Forretress|100/100|[from] move: Wish|[wisher] Blissey
|upkeep
|turn|34
|
|t:|1644110214
|move|p2a: Forretress|Rapid Spin|p1a: Forretress
|-resisted|p1a: Forretress
|-crit|p1a: Forretress
|-damage|p1a: Forretress|32/100
|-sideend|p2: Elcabezaderodilla|Spikes|[from] move: Rapid Spin|[of] p2a: Forretress
|-sideend|p2: Elcabezaderodilla|Stealth Rock|[from] move: Rapid Spin|[of] p2a: Forretress
|move|p1a: Forretress|Rapid Spin|p2a: Forretress
|-resisted|p2a: Forretress
|-damage|p2a: Forretress|99/100
|-sideend|p1: 257m|Stealth Rock|[from] move: Rapid Spin|[of] p1a: Forretress
|
|-heal|p2a: Forretress|100/100|[from] item: Leftovers
|upkeep
|turn|35
|
|t:|1644110223
|move|p2a: Forretress|Stealth Rock|p1a: Forretress
|-sidestart|p1: 257m|move: Stealth Rock
|move|p1a: Forretress|Rapid Spin|p2a: Forretress
|-resisted|p2a: Forretress
|-damage|p2a: Forretress|99/100
|-sideend|p1: 257m|Stealth Rock|[from] move: Rapid Spin|[of] p1a: Forretress
|
|-heal|p2a: Forretress|100/100|[from] item: Leftovers
|upkeep
|turn|36
|
|t:|1644110230
|move|p2a: Forretress|Stealth Rock|p1a: Forretress
|-sidestart|p1: 257m|move: Stealth Rock
|move|p1a: Forretress|Rapid Spin|p2a: Forretress
|-resisted|p2a: Forretress
|-damage|p2a: Forretress|99/100
|-sideend|p1: 257m|Stealth Rock|[from] move: Rapid Spin|[of] p1a: Forretress
|
|-heal|p2a: Forretress|100/100|[from] item: Leftovers
|upkeep
|turn|37
|
|t:|1644110234
|move|p2a: Forretress|Stealth Rock|p1a: Forretress
|-sidestart|p1: 257m|move: Stealth Rock
|move|p1a: Forretress|Rapid Spin|p2a: Forretress
|-resisted|p2a: Forretress
|-damage|p2a: Forretress|99/100
|-sideend|p1: 257m|Stealth Rock|[from] move: Rapid Spin|[of] p1a: Forretress
|
|-heal|p2a: Forretress|100/100|[from] item: Leftovers
|upkeep
|turn|38
|
|t:|1644110236
|move|p2a: Forretress|Stealth Rock|p1a: Forretress
|-sidestart|p1: 257m|move: Stealth Rock
|move|p1a: Forretress|Rapid Spin|p2a: Forretress
|-resisted|p2a: Forretress
|-damage|p2a: Forretress|99/100
|-sideend|p1: 257m|Stealth Rock|[from] move: Rapid Spin|[of] p1a: Forretress
|
|-heal|p2a: Forretress|100/100|[from] item: Leftovers
|upkeep
|turn|39
|
|t:|1644110238
|move|p2a: Forretress|Rapid Spin|p1a: Forretress
|-resisted|p1a: Forretress
|-damage|p1a: Forretress|31/100
|move|p1a: Forretress|Rapid Spin|p2a: Forretress
|-resisted|p2a: Forretress
|-damage|p2a: Forretress|99/100
|
|-heal|p2a: Forretress|100/100|[from] item: Leftovers
|upkeep
|turn|40
|
|t:|1644110241
|move|p2a: Forretress|Rapid Spin|p1a: Forretress
|-resisted|p1a: Forretress
|-damage|p1a: Forretress|30/100
|move|p1a: Forretress|Stealth Rock|p2a: Forretress
|-sidestart|p2: Elcabezaderodilla|move: Stealth Rock
|
|upkeep
|turn|41
|
|t:|1644110244
|move|p2a: Forretress|Rapid Spin|p1a: Forretress
|-resisted|p1a: Forretress
|-damage|p1a: Forretress|29/100
|-sideend|p2: Elcabezaderodilla|Stealth Rock|[from] move: Rapid Spin|[of] p2a: Forretress
|move|p1a: Forretress|Rapid Spin|p2a: Forretress
|-resisted|p2a: Forretress
|-damage|p2a: Forretress|99/100
|
|-heal|p2a: Forretress|100/100|[from] item: Leftovers
|upkeep
|turn|42
|
|t:|1644110248
|move|p2a: Forretress|Rapid Spin|p1a: Forretress
|-resisted|p1a: Forretress
|-damage|p1a: Forretress|28/100
|move|p1a: Forretress|Rapid Spin|p2a: Forretress
|-resisted|p2a: Forretress
|-damage|p2a: Forretress|99/100
|
|-heal|p2a: Forretress|100/100|[from] item: Leftovers
|upkeep
|turn|43
|
|t:|1644110259
|switch|p1a: Blissey|Blissey, F|100/100
|move|p2a: Forretress|Stealth Rock|p1a: Blissey
|-sidestart|p1: 257m|move: Stealth Rock
|
|upkeep
|turn|44
|c|☆Elcabezaderodilla|xD
|
|t:|1644110264
|switch|p2a: Qwilfish|Qwilfish, M|100/100
|-ability|p2a: Qwilfish|Intimidate|boost
|-unboost|p1a: Blissey|atk|1
|move|p1a: Blissey|Wish|p1a: Blissey
|
|upkeep
|turn|45
|
|t:|1644110277
|switch|p1a: Forretress|Forretress, M|28/100
|-damage|p1a: Forretress|15/100|[from] Stealth Rock
|move|p2a: Qwilfish|Spikes|p1a: Forretress
|-sidestart|p1: 257m|Spikes
|
|-heal|p1a: Forretress|100/100|[from] move: Wish|[wisher] Blissey
|upkeep
|turn|46
|
|t:|1644110290
|switch|p2a: Jellicent|Jellicent, F|87/100
|move|p1a: Forretress|Stealth Rock|p2a: Jellicent
|-sidestart|p2: Elcabezaderodilla|move: Stealth Rock
|
|-heal|p2a: Jellicent|93/100|[from] item: Leftovers
|upkeep
|turn|47
|
|t:|1644110295
|move|p2a: Jellicent|Taunt|p1a: Forretress
|-start|p1a: Forretress|move: Taunt
|cant|p1a: Forretress|move: Taunt|Spikes
|
|-heal|p2a: Jellicent|99/100|[from] item: Leftovers
|upkeep
|turn|48
|
|t:|1644110306
|switch|p1a: Blissey|Blissey, F|100/100
|-damage|p1a: Blissey|88/100|[from] Spikes
|-damage|p1a: Blissey|76/100|[from] Stealth Rock
|move|p2a: Jellicent|Will-O-Wisp|p1a: Blissey
|-status|p1a: Blissey|brn
|
|-heal|p2a: Jellicent|100/100|[from] item: Leftovers
|-heal|p1a: Blissey|82/100 brn|[from] item: Leftovers
|-damage|p1a: Blissey|69/100 brn|[from] brn
|upkeep
|turn|49
|
|t:|1644110313
|move|p2a: Jellicent|Taunt|p1a: Blissey
|-start|p1a: Blissey|move: Taunt
|cant|p1a: Blissey|move: Taunt|Toxic
|
|-heal|p1a: Blissey|75/100 brn|[from] item: Leftovers
|-damage|p1a: Blissey|63/100 brn|[from] brn
|upkeep
|turn|50
|
|t:|1644110321
|move|p2a: Jellicent|Scald|p1a: Blissey
|-damage|p1a: Blissey|55/100 brn
|move|p1a: Blissey|Seismic Toss|p2a: Jellicent
|-immune|p2a: Jellicent
|
|-heal|p1a: Blissey|61/100 brn|[from] item: Leftovers
|-damage|p1a: Blissey|49/100 brn|[from] brn
|upkeep
|turn|51
|
|t:|1644110333
|-curestatus|p1a: Blissey|brn|[from] ability: Natural Cure
|switch|p1a: Jolteon|Jolteon, M|64/100
|-damage|p1a: Jolteon|52/100|[from] Spikes
|-damage|p1a: Jolteon|40/100|[from] Stealth Rock
|move|p2a: Jellicent|Scald|p1a: Jolteon
|-damage|p1a: Jolteon|10/100
|-status|p1a: Jolteon|brn
|
|-damage|p1a: Jolteon|0 fnt|[from] brn
|faint|p1a: Jolteon
|upkeep
|
|t:|1644110337
|switch|p1a: Reuniclus|Reuniclus, M, shiny|97/100 tox
|turn|52
|
|t:|1644110343
|switch|p2a: Forretress|Forretress, M|100/100
|-damage|p2a: Forretress|88/100|[from] Stealth Rock
|move|p1a: Reuniclus|Energy Ball|p2a: Forretress
|-resisted|p2a: Forretress
|-damage|p2a: Forretress|80/100
|
|-heal|p2a: Forretress|86/100|[from] item: Leftovers
|upkeep
|turn|53
|
|t:|1644110346
|move|p2a: Forretress|Rapid Spin|p1a: Reuniclus
|-damage|p1a: Reuniclus|94/100 tox
|-sideend|p2: Elcabezaderodilla|Stealth Rock|[from] move: Rapid Spin|[of] p2a: Forretress
|move|p1a: Reuniclus|Acid Armor|p1a: Reuniclus
|-boost|p1a: Reuniclus|def|2
|
|-heal|p2a: Forretress|92/100|[from] item: Leftovers
|upkeep
|turn|54
|
|t:|1644110351
|switch|p2a: Arcanine|Arcanine, F|100/100
|-ability|p2a: Arcanine|Intimidate|boost
|-unboost|p1a: Reuniclus|atk|1
|move|p1a: Reuniclus|Calm Mind|p1a: Reuniclus
|-boost|p1a: Reuniclus|spa|1
|-boost|p1a: Reuniclus|spd|1
|
|upkeep
|turn|55
|
|t:|1644110356
|move|p1a: Reuniclus|Energy Ball|p2a: Arcanine
|-resisted|p2a: Arcanine
|-damage|p2a: Arcanine|82/100
|move|p2a: Arcanine|Roar|p1a: Reuniclus
|drag|p1a: Blissey|Blissey, F|49/100
|-damage|p1a: Blissey|37/100|[from] Spikes
|-damage|p1a: Blissey|24/100|[from] Stealth Rock
|
|-heal|p1a: Blissey|30/100|[from] item: Leftovers
|upkeep
|turn|56
|
|t:|1644110363
|move|p2a: Arcanine|Flare Blitz|p1a: Blissey
|-damage|p1a: Blissey|0 fnt
|faint|p1a: Blissey
|-damage|p2a: Arcanine|65/100|[from] Recoil
|
|upkeep
|
|t:|1644110367
|switch|p1a: Reuniclus|Reuniclus, M, shiny|94/100 tox
|turn|57
|
|t:|1644110375
|move|p1a: Reuniclus|Energy Ball|p2a: Arcanine
|-resisted|p2a: Arcanine
|-damage|p2a: Arcanine|54/100
|move|p2a: Arcanine|Roar|p1a: Reuniclus
|drag|p1a: Landorus|Landorus-Therian, M|100/100
|-damage|p1a: Landorus|88/100|[from] Stealth Rock
|-ability|p1a: Landorus|Intimidate|boost
|-unboost|p2a: Arcanine|atk|1
|
|-heal|p1a: Landorus|94/100|[from] item: Leftovers
|upkeep
|turn|58
|
|t:|1644110387
|switch|p2a: Gyarados|Gyarados, F|81/100
|-ability|p2a: Gyarados|Intimidate|boost
|-unboost|p1a: Landorus|atk|1
|move|p1a: Landorus|Stealth Rock|p2a: Gyarados
|-sidestart|p2: Elcabezaderodilla|move: Stealth Rock
|
|-heal|p1a: Landorus|99/100|[from] item: Leftovers
|-heal|p2a: Gyarados|87/100|[from] item: Leftovers
|upkeep
|turn|59
|
|t:|1644110399
|move|p1a: Landorus|U-turn|p2a: Gyarados
|-resisted|p2a: Gyarados
|-crit|p2a: Gyarados
|-damage|p2a: Gyarados|68/100
|
|t:|1644110404
|switch|p1a: Forretress|Forretress, M|100/100|[from]move: U-turn
|-damage|p1a: Forretress|88/100|[from] Stealth Rock
|-damage|p1a: Forretress|76/100|[from] Spikes
|move|p2a: Gyarados|Dragon Dance|p2a: Gyarados
|-boost|p2a: Gyarados|atk|1
|-boost|p2a: Gyarados|spe|1
|
|-heal|p2a: Gyarados|74/100|[from] item: Leftovers
|upkeep
|turn|60
|
|t:|1644110410
|move|p2a: Gyarados|Substitute|p2a: Gyarados
|-start|p2a: Gyarados|Substitute
|-damage|p2a: Gyarados|49/100
|move|p1a: Forretress|Spikes|p2a: Gyarados
|-sidestart|p2: Elcabezaderodilla|Spikes
|
|-heal|p2a: Gyarados|55/100|[from] item: Leftovers
|upkeep
|turn|61
|
|t:|1644110413
|move|p2a: Gyarados|Dragon Dance|p2a: Gyarados
|-boost|p2a: Gyarados|atk|1
|-boost|p2a: Gyarados|spe|1
|move|p1a: Forretress|Rapid Spin|p2a: Gyarados
|-activate|p2a: Gyarados|Substitute|[damage]
|-sideend|p1: 257m|Spikes|[from] move: Rapid Spin|[of] p1a: Forretress
|-sideend|p1: 257m|Stealth Rock|[from] move: Rapid Spin|[of] p1a: Forretress
|
|-heal|p2a: Gyarados|61/100|[from] item: Leftovers
|upkeep
|turn|62
|
|t:|1644110418
|move|p2a: Gyarados|Dragon Dance|p2a: Gyarados
|-boost|p2a: Gyarados|atk|1
|-boost|p2a: Gyarados|spe|1
|move|p1a: Forretress|Spikes|p2a: Gyarados
|-sidestart|p2: Elcabezaderodilla|Spikes
|
|-heal|p2a: Gyarados|67/100|[from] item: Leftovers
|upkeep
|turn|63
|
|t:|1644110421
|move|p2a: Gyarados|Dragon Dance|p2a: Gyarados
|-boost|p2a: Gyarados|atk|1
|-boost|p2a: Gyarados|spe|1
|move|p1a: Forretress|Spikes|p2a: Gyarados
|-sidestart|p2: Elcabezaderodilla|Spikes
|
|-heal|p2a: Gyarados|73/100|[from] item: Leftovers
|upkeep
|turn|64
|
|t:|1644110423
|move|p2a: Gyarados|Dragon Dance|p2a: Gyarados
|-boost|p2a: Gyarados|atk|1
|-boost|p2a: Gyarados|spe|1
|move|p1a: Forretress|Explosion|p2a: Gyarados
|-end|p2a: Gyarados|Substitute
|faint|p1a: Forretress
|
|-heal|p2a: Gyarados|79/100|[from] item: Leftovers
|upkeep
|
|t:|1644110426
|switch|p1a: Reuniclus|Reuniclus, M, shiny|94/100 tox
|turn|65
|
|t:|1644110429
|move|p2a: Gyarados|Waterfall|p1a: Reuniclus
|-damage|p1a: Reuniclus|0 fnt
|faint|p1a: Reuniclus
|
|-heal|p2a: Gyarados|85/100|[from] item: Leftovers
|upkeep
|
|t:|1644110432
|switch|p1a: Landorus|Landorus-Therian, M|99/100
|-ability|p1a: Landorus|Intimidate|boost
|-unboost|p2a: Gyarados|atk|1
|turn|66
|-message|257m forfeited.
|
|win|Elcabezaderodilla
|raw|257m's rating: 1160 &rarr; <strong>1151</strong><br />(-9 for losing)
|raw|Elcabezaderodilla's rating: 1419 &rarr; <strong>1426</strong><br />(+7 for winning)
|l|☆257m
