|j|☆BH Sryzen
|j|☆kjdaas
|inactive|Battle timer is ON: inactive players will automatically lose when time's up.
|t:|1639064118
|gametype|singles
|player|p1|BH Sryzen|102|
|player|p2|kjdaas|#kjdaas|
|teamsize|p1|6
|teamsize|p2|6
|gen|5
|tier|[Gen 5] LC
|rated|Tournament battle
|rule|Species Clause: Limit one of each Pokémon
|rule|OHKO Clause: OHKO moves are banned
|rule|Moody Clause: Moody is banned
|rule|Evasion Moves Clause: Evasion moves are banned
|rule|Endless Battle Clause: Forcing endless battles is banned
|rule|HP Percentage Mod: HP is shown in percentages
|rule|Sleep Clause: Sleep-inducing moves are banned
|clearpoke
|poke|p1|Abra, L5, M|item
|poke|p1|Gastly, L5, M|item
|poke|p1|Staryu, L5|item
|poke|p1|Timburr, L5, M|item
|poke|p1|Magnemite, L5|item
|poke|p1|Drilbur, L5, M|item
|poke|p2|Larvesta, L5, M|item
|poke|p2|Carvanha, L5, F|item
|poke|p2|Staryu, L5|item
|poke|p2|Drilbur, L5, F|item
|poke|p2|Timburr, L5, M|item
|poke|p2|Abra, L5, M|item
|teampreview
|
|t:|1639064127
|start
|switch|p1a: Abra|Abra, L5, M|100/100
|switch|p2a: Drilbur|Drilbur, L5, F|100/100
|-ability|p2a: Drilbur|Mold Breaker
|turn|1
|c|☆kjdaas|hf
|
|t:|1639064134
|switch|p2a: Larvesta|Larvesta, L5, M|100/100
|move|p1a: Abra|Energy Ball|p2a: Larvesta
|-resisted|p2a: Larvesta
|-damage|p2a: Larvesta|87/100
|
|upkeep
|turn|2
|
|t:|1639064142
|move|p1a: Abra|Protect|p1a: Abra
|-singleturn|p1a: Abra|Protect
|move|p2a: Larvesta|U-turn|p1a: Abra
|-activate|p1a: Abra|move: Protect
|
|upkeep
|turn|3
|
|t:|1639064157
|switch|p1a: Magnemite|Magnemite, L5|100/100
|move|p2a: Larvesta|U-turn|p1a: Magnemite
|-resisted|p1a: Magnemite
|-damage|p1a: Magnemite|69/100
|
|t:|1639064160
|switch|p2a: Drilbur|Drilbur, L5, F|100/100|[from]move: U-turn
|-ability|p2a: Drilbur|Mold Breaker
|
|upkeep
|turn|4
|
|t:|1639064169
|switch|p1a: Staryu|Staryu, L5|100/100
|move|p2a: Drilbur|Stealth Rock|p1a: Staryu
|-sidestart|p1: BH Sryzen|move: Stealth Rock
|
|upkeep
|turn|5
|
|t:|1639064176
|switch|p2a: Staryu|Staryu, L5|100/100
|move|p1a: Staryu|Scald|p2a: Staryu
|-resisted|p2a: Staryu
|-damage|p2a: Staryu|86/100
|
|upkeep
|turn|6
|
|t:|1639064182
|move|p2a: Staryu|Thunderbolt|p1a: Staryu
|-supereffective|p1a: Staryu
|-damage|p1a: Staryu|43/100
|move|p1a: Staryu|Thunderbolt|p2a: Staryu
|-supereffective|p2a: Staryu
|-damage|p2a: Staryu|29/100
|
|upkeep
|turn|7
|
|t:|1639064188
|move|p1a: Staryu|Thunderbolt|p2a: Staryu
|-supereffective|p2a: Staryu
|-damage|p2a: Staryu|0 fnt
|faint|p2a: Staryu
|
|upkeep
|
|t:|1639064195
|switch|p2a: Abra|Abra, L5, M|100/100
|turn|8
|
|t:|1639064203
|move|p1a: Staryu|Thunderbolt|p2a: Abra
|-damage|p2a: Abra|58/100
|move|p2a: Abra|Psychic|p1a: Staryu
|-damage|p1a: Staryu|0 fnt
|faint|p1a: Staryu
|
|upkeep
|
|t:|1639064215
|switch|p1a: Gastly|Gastly, L5, M|100/100
|-damage|p1a: Gastly|90/100|[from] Stealth Rock
|turn|9
|
|t:|1639064219
|move|p2a: Abra|Psychic|p1a: Gastly
|-supereffective|p1a: Gastly
|-damage|p1a: Gastly|0 fnt
|faint|p1a: Gastly
|
|upkeep
|
|t:|1639064225
|switch|p1a: Magnemite|Magnemite, L5|69/100
|-damage|p1a: Magnemite|64/100|[from] Stealth Rock
|turn|10
|
|t:|1639064234
|switch|p2a: Timburr|Timburr, L5, M|100/100
|move|p1a: Magnemite|Flash Cannon|p2a: Timburr
|-damage|p2a: Timburr|50/100
|
|upkeep
|turn|11
|
|t:|1639064243
|move|p2a: Timburr|Mach Punch|p1a: Magnemite
|-supereffective|p1a: Magnemite
|-crit|p1a: Magnemite
|-damage|p1a: Magnemite|0 fnt
|faint|p1a: Magnemite
|
|upkeep
|
|t:|1639064247
|switch|p1a: Abra|Abra, L5, M|100/100
|turn|12
|
|t:|1639064252
|move|p2a: Timburr|Mach Punch|p1a: Abra
|-resisted|p1a: Abra
|-damage|p1a: Abra|69/100
|move|p1a: Abra|Psychic|p2a: Timburr
|-supereffective|p2a: Timburr
|-damage|p2a: Timburr|0 fnt
|faint|p2a: Timburr
|
|upkeep
|
|t:|1639064257
|switch|p2a: Abra|Abra, L5, M|58/100
|turn|13
|
|t:|1639064262
|move|p1a: Abra|Psychic|p2a: Abra
|-resisted|p2a: Abra
|-damage|p2a: Abra|0 fnt
|faint|p2a: Abra
|
|upkeep
|
|t:|1639064266
|switch|p2a: Carvanha|Carvanha, L5, F|100/100
|turn|14
|
|t:|1639064270
|switch|p1a: Timburr|Timburr, L5, M|100/100
|-damage|p1a: Timburr|96/100|[from] Stealth Rock
|move|p2a: Carvanha|Protect||[still]
|-fail|p2a: Carvanha
|
|-ability|p2a: Carvanha|Speed Boost|boost
|-boost|p2a: Carvanha|spe|1
|upkeep
|turn|15
|
|t:|1639064278
|switch|p2a: Larvesta|Larvesta, L5, M|87/100
|move|p1a: Timburr|Drain Punch|p2a: Larvesta
|-resisted|p2a: Larvesta
|-damage|p2a: Larvesta|70/100
|-heal|p1a: Timburr|100/100|[from] drain|[of] p2a: Larvesta
|
|upkeep
|turn|16
|
|t:|1639064286
|move|p2a: Larvesta|Flare Blitz|p1a: Timburr
|-damage|p1a: Timburr|46/100
|-status|p1a: Timburr|brn
|-damage|p2a: Larvesta|53/100|[from] Recoil
|move|p1a: Timburr|Bulk Up|p1a: Timburr
|-boost|p1a: Timburr|atk|1
|-boost|p1a: Timburr|def|1
|
|-damage|p1a: Timburr|34/100 brn|[from] brn
|upkeep
|turn|17
|
|t:|1639064296
|move|p2a: Larvesta|Morning Sun|p2a: Larvesta
|-heal|p2a: Larvesta|100/100
|move|p1a: Timburr|Drain Punch|p2a: Larvesta
|-resisted|p2a: Larvesta
|-damage|p2a: Larvesta|66/100
|-heal|p1a: Timburr|50/100 brn|[from] drain|[of] p2a: Larvesta
|
|-damage|p1a: Timburr|38/100 brn|[from] brn
|upkeep
|turn|18
|
|t:|1639064306
|move|p2a: Larvesta|Flare Blitz|p1a: Timburr
|-damage|p1a: Timburr|0 fnt
|faint|p1a: Timburr
|-damage|p2a: Larvesta|53/100|[from] Recoil
|
|upkeep
|c|☆BH Sryzen|gg
|
|t:|1639064312
|switch|p1a: Abra|Abra, L5, M|69/100
|turn|19
|c|☆kjdaas|gg
|
|t:|1639064316
|move|p1a: Abra|Psychic|p2a: Larvesta
|-damage|p2a: Larvesta|0 fnt
|faint|p2a: Larvesta
|
|upkeep
|
|t:|1639064318
|switch|p2a: Carvanha|Carvanha, L5, F|100/100
|turn|20
|
|t:|1639064321
|move|p2a: Carvanha|Protect|p2a: Carvanha
|-singleturn|p2a: Carvanha|Protect
|move|p1a: Abra|Energy Ball|p2a: Carvanha
|-activate|p2a: Carvanha|move: Protect
|
|-ability|p2a: Carvanha|Speed Boost|boost
|-boost|p2a: Carvanha|spe|1
|upkeep
|turn|21
|
|t:|1639064328
|move|p2a: Carvanha|Crunch|p1a: Abra
|-supereffective|p1a: Abra
|-damage|p1a: Abra|0 fnt
|faint|p1a: Abra
|-damage|p2a: Carvanha|95/100|[from] item: Life Orb
|
|-ability|p2a: Carvanha|Speed Boost|boost
|-boost|p2a: Carvanha|spe|1
|upkeep
|-message|BH Sryzen forfeited.
|
|win|kjdaas
|n|☆BH Sryzen|bhsryzen
|n|☆kjdaas|kjdaas
