|j|☆Trade
|j|☆Filistata
|t:|1631326313
|gametype|singles
|player|p1|Trade|101|
|player|p2|Filistata|aromalady-gen3|
|teamsize|p1|6
|teamsize|p2|6
|gen|5
|tier|[Gen 5] LC
|rule|Species Clause: Limit one of each Pokémon
|rule|OHKO Clause: OHKO moves are banned
|rule|Moody Clause: Moody is banned
|rule|Evasion Moves Clause: Evasion moves are banned
|rule|Endless Battle Clause: Forcing endless battles is banned
|rule|HP Percentage Mod: HP is shown in percentages
|rule|Sleep Clause: Sleep-inducing moves are banned
|clearpoke
|poke|p1|Grimer, L5, M|item
|poke|p1|Magnemite, L5|item
|poke|p1|Porygon, L5|item
|poke|p1|Mienfoo, L5, F|item
|poke|p1|Staryu, L5|item
|poke|p1|Vullaby, L5, F|item
|poke|p2|Vullaby, L5, F|item
|poke|p2|Abra, L5, M|item
|poke|p2|Diglett, L5, F|item
|poke|p2|Mienfoo, L5, M|item
|poke|p2|Gastly, L5, F|item
|poke|p2|Porygon, L5|item
|teampreview
|c|☆Filistata|hf
|c|☆Trade|hf
|j| Yeq
|j|+avarice
|c|+avarice|GO TRADE
|j| dahli
|j| elleappleemote
|c| Yeq|theres a grimer on my screen
|j| carly rae jesus
|c| elleappleemote|GO GWEN
|c| elleappleemote|WOOOOOOOOOOOOOOOOOOOOOOOOOOOOOOOOOOOOOO
|n| bve|yeq
|c| carly rae jesus|hi dahli
|c| bve|theres a grimer on my screen
|l| dahli
|c|☆Filistata|did anyone link in lpl
|j| nerf the bunny
|c|☆Filistata|i dont feel like getting abused by teeeno
|n| evq|bve
|c| evq|theres a grimer on my screen
|c| elleappleemote|if by lpl mean my dms then yeah
|n| Zygarde|evq
|
|t:|1631326451
|start
|switch|p1a: Mienfoo|Mienfoo, L5, F|100/100
|switch|p2a: Handlebars|Mienfoo, L5, M|100/100
|turn|1
|c| Zygarde|go tack
|
|t:|1631326465
|move|p1a: Mienfoo|Fake Out|p2a: Handlebars
|-damage|p2a: Handlebars|87/100
|cant|p2a: Handlebars|flinch
|
|upkeep
|turn|2
|
|t:|1631326469
|move|p1a: Mienfoo|Knock Off|p2a: Handlebars
|-resisted|p2a: Handlebars
|-damage|p2a: Handlebars|82/100
|-enditem|p2a: Handlebars|Eviolite|[from] move: Knock Off|[of] p1a: Mienfoo
|move|p2a: Handlebars|Knock Off|p1a: Mienfoo
|-resisted|p1a: Mienfoo
|-damage|p1a: Mienfoo|96/100
|-enditem|p1a: Mienfoo|Eviolite|[from] move: Knock Off|[of] p2a: Handlebars
|
|upkeep
|turn|3
|
|t:|1631326478
|move|p1a: Mienfoo|Drain Punch|p2a: Handlebars
|-damage|p2a: Handlebars|37/100
|-heal|p1a: Mienfoo|100/100|[from] drain|[of] p2a: Handlebars
|move|p2a: Handlebars|U-turn|p1a: Mienfoo
|-resisted|p1a: Mienfoo
|-damage|p1a: Mienfoo|87/100
|
|t:|1631326539
|switch|p2a: Neurodivergent|Abra, L5, M|100/100|[from]move: U-turn
|
|upkeep
|turn|4
|
|t:|1631326628
|switch|p1a: Vullaby|Vullaby, L5, F|100/100
|move|p2a: Neurodivergent|Psychic|p1a: Vullaby
|-immune|p1a: Vullaby
|
|upkeep
|turn|5
|
|t:|1631326641
|move|p2a: Neurodivergent|Hidden Power|p1a: Vullaby
|-supereffective|p1a: Vullaby
|-damage|p1a: Vullaby|52/100
|move|p1a: Vullaby|Toxic|p2a: Neurodivergent
|-status|p2a: Neurodivergent|tox
|
|upkeep
|turn|6
|
|t:|1631326664
|move|p2a: Neurodivergent|Hidden Power|p1a: Vullaby
|-supereffective|p1a: Vullaby
|-damage|p1a: Vullaby|12/100
|move|p1a: Vullaby|Dark Pulse|p2a: Neurodivergent
|-supereffective|p2a: Neurodivergent
|-damage|p2a: Neurodivergent|6/100 tox
|
|upkeep
|turn|7
|
|t:|1631326678
|move|p2a: Neurodivergent|Hidden Power|p1a: Vullaby
|-supereffective|p1a: Vullaby
|-damage|p1a: Vullaby|0 fnt
|faint|p1a: Vullaby
|
|upkeep
|
|t:|1631326702
|switch|p1a: Magnemite|Magnemite, L5|100/100
|turn|8
|
|t:|1631326712
|move|p2a: Neurodivergent|Protect|p2a: Neurodivergent
|-singleturn|p2a: Neurodivergent|Protect
|move|p1a: Magnemite|Flash Cannon|p2a: Neurodivergent
|-activate|p2a: Neurodivergent|move: Protect
|
|upkeep
|turn|9
|
|t:|1631326718
|switch|p2a: Gravity Hero|Porygon, L5|100/100
|-ability|p2a: Gravity Hero|Magnet Pull|[from] ability: Trace|[of] p1a: Magnemite
|move|p1a: Magnemite|Flash Cannon|p2a: Gravity Hero
|-damage|p2a: Gravity Hero|66/100
|
|upkeep
|turn|10
|
|t:|1631326725
|move|p1a: Magnemite|Flash Cannon|p2a: Gravity Hero
|-damage|p2a: Gravity Hero|39/100
|move|p2a: Gravity Hero|Recover|p2a: Gravity Hero
|-heal|p2a: Gravity Hero|89/100
|
|upkeep
|turn|11
|
|t:|1631326733
|move|p1a: Magnemite|Flash Cannon|p2a: Gravity Hero
|-damage|p2a: Gravity Hero|62/100
|move|p2a: Gravity Hero|Tri Attack|p1a: Magnemite
|-resisted|p1a: Magnemite
|-damage|p1a: Magnemite|69/100
|
|upkeep
|turn|12
|
|t:|1631326735
|move|p1a: Magnemite|Flash Cannon|p2a: Gravity Hero
|-damage|p2a: Gravity Hero|27/100
|move|p2a: Gravity Hero|Recover|p2a: Gravity Hero
|-heal|p2a: Gravity Hero|77/100
|
|upkeep
|turn|13
|j| Surfy
|
|t:|1631326737
|move|p1a: Magnemite|Flash Cannon|p2a: Gravity Hero
|-damage|p2a: Gravity Hero|43/100
|move|p2a: Gravity Hero|Recover|p2a: Gravity Hero
|-heal|p2a: Gravity Hero|93/100
|
|upkeep
|turn|14
|
|t:|1631326740
|move|p1a: Magnemite|Flash Cannon|p2a: Gravity Hero
|-damage|p2a: Gravity Hero|58/100
|-unboost|p2a: Gravity Hero|spd|1
|move|p2a: Gravity Hero|Tri Attack|p1a: Magnemite
|-resisted|p1a: Magnemite
|-damage|p1a: Magnemite|37/100
|
|upkeep
|turn|15
|j|+Decem
|l|+Decem
|
|t:|1631326791
|switch|p2a: Collette|Diglett, L5, F|100/100
|move|p1a: Magnemite|Flash Cannon|p2a: Collette
|-damage|p2a: Collette|34/100
|
|upkeep
|turn|16
|
|t:|1631326797
|move|p2a: Collette|Earthquake|p1a: Magnemite
|-supereffective|p1a: Magnemite
|-damage|p1a: Magnemite|0 fnt
|faint|p1a: Magnemite
|
|upkeep
|
|t:|1631326800
|switch|p1a: Porygon|Porygon, L5|100/100
|-ability|p1a: Porygon|Arena Trap|[from] ability: Trace|[of] p2a: Collette
|turn|17
|
|t:|1631326804
|move|p2a: Collette|Earthquake|p1a: Porygon
|-damage|p1a: Porygon|74/100
|move|p1a: Porygon|Ice Beam|p2a: Collette
|-supereffective|p2a: Collette
|-damage|p2a: Collette|0 fnt
|faint|p2a: Collette
|
|upkeep
|j| risii
|
|t:|1631326808
|switch|p2a: Xenon|Gastly, L5, F|100/100
|turn|18
|
|t:|1631326823
|move|p2a: Xenon|Substitute|p2a: Xenon
|-start|p2a: Xenon|Substitute
|-damage|p2a: Xenon|79/100
|move|p1a: Porygon|Ice Beam|p2a: Xenon
|-crit|p2a: Xenon
|-end|p2a: Xenon|Substitute
|
|-heal|p2a: Xenon|85/100|[from] item: Black Sludge
|upkeep
|turn|19
|
|t:|1631326827
|move|p2a: Xenon|Trick|p1a: Porygon
|-activate|p2a: Xenon|move: Trick|[of] p1a: Porygon
|-item|p1a: Porygon|Black Sludge|[from] move: Trick
|-item|p2a: Xenon|Eviolite|[from] move: Trick
|move|p1a: Porygon|Thunder Wave|p2a: Xenon
|-status|p2a: Xenon|par
|
|-damage|p1a: Porygon|62/100|[from] item: Black Sludge
|upkeep
|turn|20
|
|t:|1631326834
|move|p1a: Porygon|Recover|p1a: Porygon
|-heal|p1a: Porygon|100/100
|move|p2a: Xenon|Shadow Ball|p1a: Porygon
|-immune|p1a: Porygon
|
|-damage|p1a: Porygon|89/100|[from] item: Black Sludge
|upkeep
|turn|21
|j|%trace
|
|t:|1631326838
|move|p1a: Porygon|Ice Beam|p2a: Xenon
|-damage|p2a: Xenon|43/100 par
|move|p2a: Xenon|Sludge Bomb|p1a: Porygon
|-damage|p1a: Porygon|39/100
|
|-damage|p1a: Porygon|27/100|[from] item: Black Sludge
|upkeep
|turn|22
|
|t:|1631326845
|move|p1a: Porygon|Recover|p1a: Porygon
|-heal|p1a: Porygon|77/100
|move|p2a: Xenon|Sludge Bomb|p1a: Porygon
|-damage|p1a: Porygon|27/100
|
|-damage|p1a: Porygon|16/100|[from] item: Black Sludge
|upkeep
|turn|23
|
|t:|1631326849
|move|p1a: Porygon|Ice Beam|p2a: Xenon
|-damage|p2a: Xenon|6/100 par
|move|p2a: Xenon|Sludge Bomb|p1a: Porygon
|-damage|p1a: Porygon|0 fnt
|faint|p1a: Porygon
|
|upkeep
|
|t:|1631326861
|switch|p1a: Mienfoo|Mienfoo, L5, F|100/100
|turn|24
|
|t:|1631326864
|move|p1a: Mienfoo|U-turn|p2a: Xenon
|-resisted|p2a: Xenon
|-damage|p2a: Xenon|0 fnt
|faint|p2a: Xenon
|
|t:|1631326866
|switch|p1a: Staryu|Staryu, L5|100/100|[from]move: U-turn
|
|upkeep
|j|+nineage!
|
|t:|1631326888
|switch|p2a: Gravity Hero|Porygon, L5|58/100
|-ability|p2a: Gravity Hero|Natural Cure|[from] ability: Trace|[of] p1a: Staryu
|turn|25
|
|t:|1631326890
|move|p1a: Staryu|Scald|p2a: Gravity Hero
|-damage|p2a: Gravity Hero|35/100
|move|p2a: Gravity Hero|Recover|p2a: Gravity Hero
|-heal|p2a: Gravity Hero|85/100
|
|upkeep
|turn|26
|
|t:|1631326896
|move|p1a: Staryu|Scald|p2a: Gravity Hero
|-damage|p2a: Gravity Hero|62/100
|move|p2a: Gravity Hero|Psychic|p1a: Staryu
|-damage|p1a: Staryu|72/100
|
|upkeep
|turn|27
|
|t:|1631326899
|move|p1a: Staryu|Scald|p2a: Gravity Hero
|-damage|p2a: Gravity Hero|39/100
|move|p2a: Gravity Hero|Recover|p2a: Gravity Hero
|-heal|p2a: Gravity Hero|89/100
|
|upkeep
|turn|28
|
|t:|1631326900
|move|p1a: Staryu|Scald|p2a: Gravity Hero
|-damage|p2a: Gravity Hero|66/100
|move|p2a: Gravity Hero|Toxic|p1a: Staryu
|-status|p1a: Staryu|tox
|
|-damage|p1a: Staryu|67/100 tox|[from] psn
|upkeep
|turn|29
|
|t:|1631326903
|move|p1a: Staryu|Scald|p2a: Gravity Hero
|-damage|p2a: Gravity Hero|43/100
|-status|p2a: Gravity Hero|brn
|move|p2a: Gravity Hero|Recover|p2a: Gravity Hero
|-heal|p2a: Gravity Hero|93/100 brn
|
|-damage|p1a: Staryu|58/100 tox|[from] psn
|-damage|p2a: Gravity Hero|81/100 brn|[from] brn
|upkeep
|turn|30
|
|t:|1631326905
|move|p1a: Staryu|Recover|p1a: Staryu
|-heal|p1a: Staryu|100/100 tox
|move|p2a: Gravity Hero|Psychic|p1a: Staryu
|-damage|p1a: Staryu|67/100 tox
|
|-damage|p1a: Staryu|53/100 tox|[from] psn
|-damage|p2a: Gravity Hero|70/100 brn|[from] brn
|upkeep
|turn|31
|
|t:|1631326909
|move|p1a: Staryu|Recover|p1a: Staryu
|-heal|p1a: Staryu|100/100 tox
|move|p2a: Gravity Hero|Psychic|p1a: Staryu
|-damage|p1a: Staryu|72/100 tox
|
|-damage|p1a: Staryu|53/100 tox|[from] psn
|-damage|p2a: Gravity Hero|58/100 brn|[from] brn
|upkeep
|turn|32
|
|t:|1631326911
|move|p1a: Staryu|Recover|p1a: Staryu
|-heal|p1a: Staryu|100/100 tox
|move|p2a: Gravity Hero|Recover|p2a: Gravity Hero
|-heal|p2a: Gravity Hero|100/100 brn
|
|-damage|p1a: Staryu|77/100 tox|[from] psn
|-damage|p2a: Gravity Hero|89/100 brn|[from] brn
|upkeep
|turn|33
|
|t:|1631326916
|switch|p1a: Grimer|Grimer, L5, M|100/100
|move|p2a: Gravity Hero|Psychic|p1a: Grimer
|-supereffective|p1a: Grimer
|-damage|p1a: Grimer|63/100
|
|-damage|p2a: Gravity Hero|77/100 brn|[from] brn
|upkeep
|turn|34
|
|t:|1631326933
|move|p2a: Gravity Hero|Psychic|p1a: Grimer
|-supereffective|p1a: Grimer
|-damage|p1a: Grimer|26/100
|move|p1a: Grimer|Rest|p1a: Grimer
|-status|p1a: Grimer|slp|[from] move: Rest
|-heal|p1a: Grimer|100/100 slp|[silent]
|
|-damage|p2a: Gravity Hero|66/100 brn|[from] brn
|upkeep
|turn|35
|
|t:|1631326937
|switch|p1a: Staryu|Staryu, L5|77/100
|move|p2a: Gravity Hero|Psychic|p1a: Staryu
|-damage|p1a: Staryu|43/100
|
|-damage|p2a: Gravity Hero|54/100 brn|[from] brn
|upkeep
|turn|36
|
|t:|1631326940
|switch|p1a: Mienfoo|Mienfoo, L5, F|100/100
|move|p2a: Gravity Hero|Recover|p2a: Gravity Hero
|-heal|p2a: Gravity Hero|100/100 brn
|
|-damage|p2a: Gravity Hero|89/100 brn|[from] brn
|upkeep
|turn|37
|c| Zygarde|ur prize is a congradulatory emote gwen
|
|t:|1631326955
|switch|p2a: Plastical|Vullaby, L5, F|100/100
|move|p1a: Mienfoo|Fake Out|p2a: Plastical
|-damage|p2a: Plastical|87/100
|-ability|p2a: Plastical|Weak Armor|boost
|-unboost|p2a: Plastical|def|1
|-boost|p2a: Plastical|spe|1
|
|upkeep
|turn|38
|
|t:|1631326966
|move|p2a: Plastical|Heat Wave|p1a: Mienfoo
|-damage|p1a: Mienfoo|53/100
|move|p1a: Mienfoo|Drain Punch|p2a: Plastical
|-damage|p2a: Plastical|44/100
|-heal|p1a: Mienfoo|74/100|[from] drain|[of] p2a: Plastical
|-ability|p2a: Plastical|Weak Armor|boost
|-unboost|p2a: Plastical|def|1
|-boost|p2a: Plastical|spe|1
|
|upkeep
|turn|39
|j| KSG
|
|t:|1631326977
|switch|p1a: Grimer|Grimer, L5, M|100/100 slp
|move|p2a: Plastical|Heat Wave|p1a: Grimer
|-damage|p1a: Grimer|78/100 slp
|
|upkeep
|turn|40
|
|t:|1631326982
|move|p2a: Plastical|Nasty Plot|p2a: Plastical
|-boost|p2a: Plastical|spa|2
|cant|p1a: Grimer|slp
|move|p1a: Grimer|Sleep Talk|p1a: Grimer
|move|p1a: Grimer|Poison Jab|p2a: Plastical|[from]move: Sleep Talk
|-damage|p2a: Plastical|0 fnt
|faint|p2a: Plastical
|
|upkeep
|
|t:|1631326989
|switch|p2a: Gravity Hero|Porygon, L5|89/100
|-ability|p2a: Gravity Hero|Sticky Hold|[from] ability: Trace|[of] p1a: Grimer
|turn|41
|
|t:|1631326995
|move|p2a: Gravity Hero|Psychic|p1a: Grimer
|-supereffective|p1a: Grimer
|-damage|p1a: Grimer|41/100 slp
|cant|p1a: Grimer|slp
|move|p1a: Grimer|Sleep Talk|p1a: Grimer
|move|p1a: Grimer|Poison Jab|p2a: Gravity Hero|[from]move: Sleep Talk
|-damage|p2a: Gravity Hero|66/100
|-status|p2a: Gravity Hero|psn
|
|-damage|p2a: Gravity Hero|54/100 psn|[from] psn
|upkeep
|turn|42
|
|t:|1631327000
|move|p2a: Gravity Hero|Psychic|p1a: Grimer
|-supereffective|p1a: Grimer
|-damage|p1a: Grimer|0 fnt
|faint|p1a: Grimer
|
|-damage|p2a: Gravity Hero|43/100 psn|[from] psn
|upkeep
|
|t:|1631327002
|switch|p1a: Mienfoo|Mienfoo, L5, F|100/100
|turn|43
|
|t:|1631327006
|move|p1a: Mienfoo|Drain Punch|p2a: Gravity Hero
|-supereffective|p2a: Gravity Hero
|-damage|p2a: Gravity Hero|0 fnt
|faint|p2a: Gravity Hero
|
|upkeep
|
|t:|1631327008
|switch|p2a: Neurodivergent|Abra, L5, M|6/100 tox
|turn|44
|
|t:|1631327014
|move|p2a: Neurodivergent|Psychic|p1a: Mienfoo
|-supereffective|p1a: Mienfoo
|-damage|p1a: Mienfoo|0 fnt
|faint|p1a: Mienfoo
|
|upkeep
|
|t:|1631327015
|switch|p1a: Staryu|Staryu, L5|43/100
|turn|45
|
|t:|1631327027
|move|p1a: Staryu|Scald|p2a: Neurodivergent
|-damage|p2a: Neurodivergent|0 fnt
|faint|p2a: Neurodivergent
|
|upkeep
|
|t:|1631327029
|switch|p2a: Handlebars|Mienfoo, L5, M|69/100
|turn|46
|
|t:|1631327039
|move|p1a: Staryu|Psychic|p2a: Handlebars
|-supereffective|p2a: Handlebars
|-damage|p2a: Handlebars|5/100
|move|p2a: Handlebars|High Jump Kick|p1a: Staryu
|-crit|p1a: Staryu
|-damage|p1a: Staryu|0 fnt
|faint|p1a: Staryu
|
|win|Filistata
|c|☆Filistata|cool gg
|c|☆Trade|oh the low roll gg
|l| elleappleemote
|l| KSG
|l|☆Trade
|c|☆Filistata|i have extra spdef
|c| Zygarde|he left
|c| Zygarde|sadge
|l|%trace
|l| carly rae jesus
|l|+nineage!
|l| Surfy
