|j|☆CoolingFluff
|j|☆CoolAppleman3000
|t:|1631445814
|gametype|singles
|player|p1|CoolingFluff|guitarist-gen4|
|player|p2|CoolAppleman3000|iris-gen5bw2|
|teamsize|p1|6
|teamsize|p2|6
|gen|5
|tier|[Gen 5] UU
|rated|Tournament battle
|rule|Species Clause: Limit one of each Pokémon
|rule|OHKO Clause: OHKO moves are banned
|rule|Moody Clause: Moody is banned
|rule|Evasion Moves Clause: Evasion moves are banned
|rule|Endless Battle Clause: Forcing endless battles is banned
|rule|HP Percentage Mod: HP is shown in percentages
|rule|Evasion Abilities Clause: Evasion abilities are banned
|rule|Baton Pass Clause: Limit one Baton Passer, can't pass Spe and other stats simultaneously
|rule|Swagger Clause: Swagger is banned
|rule|Sleep Clause Mod: Limit one foe put to sleep
|clearpoke
|poke|p1|Victini|item
|poke|p1|Blastoise, M|item
|poke|p1|Nidoqueen, F|item
|poke|p1|Raikou|item
|poke|p1|Bronzong|item
|poke|p1|Heracross, F|item
|poke|p2|Druddigon, F|item
|poke|p2|Blastoise, M|item
|poke|p2|Zapdos|item
|poke|p2|Roserade, F|item
|poke|p2|Flygon, F|item
|poke|p2|Victini|item
|teampreview
|inactive|Battle timer is ON: inactive players will automatically lose when time's up. (requested by CoolingFluff)
|
|t:|1631445833
|start
|switch|p1a: Bronzong|Bronzong|100/100
|switch|p2a: Druddigon|Druddigon, F|100/100
|-ability|p2a: Druddigon|Mold Breaker
|turn|1
|
|t:|1631445857
|move|p2a: Druddigon|Stealth Rock|p1a: Bronzong
|-sidestart|p1: CoolingFluff|move: Stealth Rock
|move|p1a: Bronzong|Stealth Rock|p2a: Druddigon
|-sidestart|p2: CoolAppleman3000|move: Stealth Rock
|
|upkeep
|turn|2
|inactive|CoolAppleman3000 has 120 seconds left.
|
|t:|1631445890
|move|p1a: Bronzong|Toxic|p2a: Druddigon
|-status|p2a: Druddigon|tox
|move|p2a: Druddigon|Dragon Tail|p1a: Bronzong|[miss]
|-miss|p2a: Druddigon|p1a: Bronzong
|
|-damage|p2a: Druddigon|94/100 tox|[from] psn
|upkeep
|turn|3
|
|t:|1631445901
|switch|p2a: Blastoise|Blastoise, M|100/100
|-damage|p2a: Blastoise|88/100|[from] Stealth Rock
|move|p1a: Bronzong|Protect||[still]
|-fail|p1a: Bronzong
|
|-heal|p2a: Blastoise|94/100|[from] item: Leftovers
|upkeep
|turn|4
|
|t:|1631445911
|move|p2a: Blastoise|Scald|p1a: Bronzong
|-damage|p1a: Bronzong|85/100
|move|p1a: Bronzong|Toxic|p2a: Blastoise
|-status|p2a: Blastoise|tox
|
|-heal|p2a: Blastoise|99/100 tox|[from] item: Leftovers
|-heal|p1a: Bronzong|92/100|[from] item: Leftovers
|-damage|p2a: Blastoise|94/100 tox|[from] psn
|upkeep
|turn|5
|
|t:|1631445925
|move|p1a: Bronzong|Protect|p1a: Bronzong
|-singleturn|p1a: Bronzong|Protect
|move|p2a: Blastoise|Rapid Spin|p1a: Bronzong
|-activate|p1a: Bronzong|move: Protect
|
|-heal|p2a: Blastoise|99/100 tox|[from] item: Leftovers
|-heal|p1a: Bronzong|98/100|[from] item: Leftovers
|-damage|p2a: Blastoise|88/100 tox|[from] psn
|upkeep
|turn|6
|
|t:|1631445947
|switch|p1a: Raikou|Raikou|100/100
|-damage|p1a: Raikou|88/100|[from] Stealth Rock
|-ability|p1a: Raikou|Pressure
|move|p2a: Blastoise|Refresh|p2a: Blastoise
|-curestatus|p2a: Blastoise|tox|[msg]
|
|-heal|p1a: Raikou|94/100|[from] item: Leftovers
|-heal|p2a: Blastoise|94/100|[from] item: Leftovers
|upkeep
|turn|7
|
|t:|1631445959
|switch|p2a: Flygon|Flygon, F|100/100
|-damage|p2a: Flygon|95/100|[from] Stealth Rock
|move|p1a: Raikou|Calm Mind|p1a: Raikou
|-boost|p1a: Raikou|spa|1
|-boost|p1a: Raikou|spd|1
|
|-heal|p1a: Raikou|100/100|[from] item: Leftovers
|upkeep
|turn|8
|
|t:|1631445969
|move|p2a: Flygon|Earthquake|p1a: Raikou
|-supereffective|p1a: Raikou
|-damage|p1a: Raikou|0 fnt
|faint|p1a: Raikou
|
|upkeep
|inactive|CoolingFluff has 120 seconds left.
|
|t:|1631445986
|switch|p1a: Victini|Victini|100/100
|-damage|p1a: Victini|76/100|[from] Stealth Rock
|turn|9
|inactive|CoolingFluff has 120 seconds left.
|
|t:|1631446005
|move|p2a: Flygon|Earthquake|p1a: Victini
|-supereffective|p1a: Victini
|-damage|p1a: Victini|0 fnt
|faint|p1a: Victini
|
|upkeep
|
|t:|1631446015
|switch|p1a: Bronzong|Bronzong|98/100
|-damage|p1a: Bronzong|92/100|[from] Stealth Rock
|turn|10
|
|t:|1631446027
|switch|p2a: Victini|Victini|100/100
|-damage|p2a: Victini|76/100|[from] Stealth Rock
|move|p1a: Bronzong|Toxic|p2a: Victini
|-status|p2a: Victini|tox
|
|-heal|p1a: Bronzong|98/100|[from] item: Leftovers
|-damage|p2a: Victini|69/100 tox|[from] psn
|upkeep
|turn|11
|inactive|CoolingFluff has 120 seconds left.
|
|t:|1631446036
|move|p1a: Bronzong|Protect|p1a: Bronzong
|-singleturn|p1a: Bronzong|Protect
|move|p2a: Victini|V-create|p1a: Bronzong
|-activate|p1a: Bronzong|move: Protect
|
|-heal|p1a: Bronzong|100/100|[from] item: Leftovers
|-damage|p2a: Victini|57/100 tox|[from] psn
|upkeep
|turn|12
|j| brezean
|inactive|CoolingFluff has 120 seconds left.
|
|t:|1631446050
|switch|p1a: Blastoise|Blastoise, M|100/100
|-damage|p1a: Blastoise|88/100|[from] Stealth Rock
|move|p2a: Victini|V-create|p1a: Blastoise
|-resisted|p1a: Blastoise
|-damage|p1a: Blastoise|47/100
|-unboost|p2a: Victini|spe|1
|-unboost|p2a: Victini|def|1
|-unboost|p2a: Victini|spd|1
|
|-heal|p1a: Blastoise|53/100|[from] item: Leftovers
|-damage|p2a: Victini|39/100 tox|[from] psn
|upkeep
|turn|13
|inactive|CoolingFluff has 120 seconds left.
|
|t:|1631446071
|switch|p2a: Zapdos|Zapdos|100/100
|-damage|p2a: Zapdos|76/100|[from] Stealth Rock
|-ability|p2a: Zapdos|Pressure
|move|p1a: Blastoise|Scald|p2a: Zapdos
|-damage|p2a: Zapdos|48/100
|-status|p2a: Zapdos|brn
|
|-heal|p2a: Zapdos|54/100 brn|[from] item: Leftovers
|-heal|p1a: Blastoise|60/100|[from] item: Leftovers
|-damage|p2a: Zapdos|41/100 brn|[from] brn
|upkeep
|turn|14
|
|t:|1631446085
|switch|p1a: Nidoqueen|Nidoqueen, F|100/100
|-damage|p1a: Nidoqueen|94/100|[from] Stealth Rock
|move|p2a: Zapdos|Roost|p2a: Zapdos
|-heal|p2a: Zapdos|91/100 brn
|-singleturn|p2a: Zapdos|move: Roost
|
|-heal|p2a: Zapdos|98/100 brn|[from] item: Leftovers
|-heal|p1a: Nidoqueen|100/100|[from] item: Black Sludge
|-damage|p2a: Zapdos|85/100 brn|[from] brn
|upkeep
|turn|15
|
|t:|1631446110
|switch|p2a: Druddigon|Druddigon, F|94/100 tox
|-damage|p2a: Druddigon|82/100 tox|[from] Stealth Rock
|-ability|p2a: Druddigon|Mold Breaker
|move|p1a: Nidoqueen|Ice Beam|p2a: Druddigon
|-supereffective|p2a: Druddigon
|-damage|p2a: Druddigon|43/100 tox
|
|-damage|p2a: Druddigon|37/100 tox|[from] psn
|upkeep
|turn|16
|
|t:|1631446124
|move|p1a: Nidoqueen|Ice Beam|p2a: Druddigon
|-supereffective|p2a: Druddigon
|-damage|p2a: Druddigon|0 fnt
|faint|p2a: Druddigon
|
|upkeep
|
|t:|1631446131
|switch|p2a: Blastoise|Blastoise, M|94/100
|-damage|p2a: Blastoise|82/100|[from] Stealth Rock
|turn|17
|inactive|CoolingFluff has 90 seconds left.
|
|t:|1631446164
|switch|p1a: Heracross|Heracross, F|100/100
|-damage|p1a: Heracross|88/100|[from] Stealth Rock
|move|p2a: Blastoise|Rapid Spin|p1a: Heracross
|-damage|p1a: Heracross|84/100
|-sideend|p2: CoolAppleman3000|Stealth Rock|[from] move: Rapid Spin|[of] p2a: Blastoise
|
|-heal|p2a: Blastoise|88/100|[from] item: Leftovers
|upkeep
|turn|18
|inactive|CoolingFluff has 90 seconds left.
|
|t:|1631446184
|move|p1a: Heracross|Megahorn|p2a: Blastoise
|-damage|p2a: Blastoise|30/100
|move|p2a: Blastoise|Scald|p1a: Heracross
|-damage|p1a: Heracross|43/100
|
|-heal|p2a: Blastoise|36/100|[from] item: Leftovers
|upkeep
|turn|19
|inactive|CoolAppleman3000 has 120 seconds left.
|
|t:|1631446231
|move|p1a: Heracross|Megahorn|p2a: Blastoise
|-damage|p2a: Blastoise|0 fnt
|faint|p2a: Blastoise
|
|upkeep
|
|t:|1631446236
|switch|p2a: Flygon|Flygon, F|95/100
|turn|20
|j| Furzrr
|inactive|CoolingFluff has 90 seconds left.
|
|t:|1631446254
|switch|p1a: Blastoise|Blastoise, M|60/100
|-damage|p1a: Blastoise|47/100|[from] Stealth Rock
|move|p2a: Flygon|Dragon Claw|p1a: Blastoise
|-damage|p1a: Blastoise|20/100
|
|-heal|p1a: Blastoise|26/100|[from] item: Leftovers
|upkeep
|turn|21
|l| Furzrr
|inactive|CoolingFluff has 90 seconds left.
|inactive|CoolAppleman3000 has 120 seconds left.
|
|t:|1631446271
|move|p2a: Flygon|Dragon Claw|p1a: Blastoise
|-damage|p1a: Blastoise|0 fnt
|faint|p1a: Blastoise
|
|upkeep
|
|t:|1631446281
|switch|p1a: Bronzong|Bronzong|100/100
|-damage|p1a: Bronzong|94/100|[from] Stealth Rock
|turn|22
|l| brezean
|inactive|CoolAppleman3000 has 120 seconds left.
|inactive|CoolAppleman3000 has 90 seconds left.
|inactive|CoolAppleman3000 has 60 seconds left.
|
|t:|1631446366
|switch|p2a: Roserade|Roserade, F|100/100
|move|p1a: Bronzong|Toxic|p2a: Roserade
|-immune|p2a: Roserade
|
|-heal|p1a: Bronzong|100/100|[from] item: Leftovers
|upkeep
|turn|23
|inactive|CoolingFluff has 90 seconds left.
|
|t:|1631446391
|move|p2a: Roserade|Sleep Powder|p1a: Bronzong
|-status|p1a: Bronzong|slp|[from] move: Sleep Powder
|cant|p1a: Bronzong|slp
|
|upkeep
|turn|24
|inactive|CoolingFluff has 90 seconds left.
|
|t:|1631446398
|switch|p2a: Victini|Victini|39/100 tox
|cant|p1a: Bronzong|slp
|
|-damage|p2a: Victini|32/100 tox|[from] psn
|upkeep
|turn|25
|
|t:|1631446406
|switch|p1a: Nidoqueen|Nidoqueen, F|100/100
|-damage|p1a: Nidoqueen|94/100|[from] Stealth Rock
|move|p2a: Victini|V-create|p1a: Nidoqueen
|-damage|p1a: Nidoqueen|10/100
|-unboost|p2a: Victini|spe|1
|-unboost|p2a: Victini|def|1
|-unboost|p2a: Victini|spd|1
|
|-heal|p1a: Nidoqueen|16/100|[from] item: Black Sludge
|-damage|p2a: Victini|20/100 tox|[from] psn
|upkeep
|turn|26
|inactive|CoolAppleman3000 has 60 seconds left.
|inactive|CoolingFluff has 90 seconds left.
|
|t:|1631446434
|move|p2a: Victini|V-create|p1a: Nidoqueen
|-damage|p1a: Nidoqueen|0 fnt
|-unboost|p2a: Victini|spe|1
|-unboost|p2a: Victini|def|1
|-unboost|p2a: Victini|spd|1
|faint|p1a: Nidoqueen
|
|-damage|p2a: Victini|2/100 tox|[from] psn
|upkeep
|j| Furzrr
|l| Furzrr
|j| TheNordicMan
|inactive|CoolingFluff has 60 seconds left.
|
|t:|1631446461
|switch|p1a: Bronzong|Bronzong|100/100 slp
|-damage|p1a: Bronzong|94/100 slp|[from] Stealth Rock
|turn|27
|inactive|CoolAppleman3000 has 60 seconds left.
|
|t:|1631446482
|cant|p1a: Bronzong|slp
|move|p2a: Victini|V-create|p1a: Bronzong
|-supereffective|p1a: Bronzong
|-crit|p1a: Bronzong
|-damage|p1a: Bronzong|0 fnt
|-unboost|p2a: Victini|spe|1
|-unboost|p2a: Victini|def|1
|-unboost|p2a: Victini|spd|1
|faint|p1a: Bronzong
|
|-damage|p2a: Victini|0 fnt|[from] psn
|faint|p2a: Victini
|upkeep
|
|t:|1631446493
|switch|p2a: Flygon|Flygon, F|95/100
|switch|p1a: Heracross|Heracross, F|43/100
|-damage|p1a: Heracross|31/100|[from] Stealth Rock
|turn|28
|inactive|CoolingFluff has 60 seconds left.
|
|t:|1631446511
|move|p2a: Flygon|Dragon Claw|p1a: Heracross
|-damage|p1a: Heracross|0 fnt
|faint|p1a: Heracross
|
|win|CoolAppleman3000
|n|☆CoolingFluff|coolingfluff
|n|☆CoolAppleman3000|coolappleman3000
|n| TheNordicMan|thenordicman
|c|☆CoolingFluff|gg
|l|☆CoolingFluff
|l| TheNordicMan
