|j|☆s1mpp
|j|☆Kounamii
|t:|1632510356
|gametype|singles
|player|p1|s1mpp|koga|
|player|p2|Kounamii|blue-gen7|
|teamsize|p1|6
|teamsize|p2|6
|gen|5
|tier|[Gen 5] UU
|rated|Tournament battle
|rule|Species Clause: Limit one of each Pokémon
|rule|OHKO Clause: OHKO moves are banned
|rule|Moody Clause: Moody is banned
|rule|Evasion Moves Clause: Evasion moves are banned
|rule|Endless Battle Clause: Forcing endless battles is banned
|rule|HP Percentage Mod: HP is shown in percentages
|rule|Evasion Abilities Clause: Evasion abilities are banned
|rule|Baton Pass Clause: Limit one Baton Passer, can't pass Spe and other stats simultaneously
|rule|Swagger Clause: Swagger is banned
|rule|Sleep Clause Mod: Limit one foe put to sleep
|clearpoke
|poke|p1|Mew|item
|poke|p1|Victini|item
|poke|p1|Tornadus, M|item
|poke|p1|Suicune|item
|poke|p1|Nidoking, M|item
|poke|p1|Druddigon, M|item
|poke|p2|Qwilfish, F|item
|poke|p2|Rhyperior, M|item
|poke|p2|Empoleon, M|item
|poke|p2|Togekiss, M|item
|poke|p2|Raikou|item
|poke|p2|Flygon, M|item
|teampreview
|inactive|Battle timer is ON: inactive players will automatically lose when time's up. (requested by s1mpp)
|inactive|Kounamii also wants the timer to be on.
|
|t:|1632510365
|start
|switch|p1a: Mew|Mew|100/100
|switch|p2a: Empoleon|Empoleon, M|100/100
|turn|1
|
|t:|1632510367
|move|p1a: Mew|Stealth Rock|p2a: Empoleon
|-sidestart|p2: Kounamii|move: Stealth Rock
|move|p2a: Empoleon|Hydro Pump|p1a: Mew
|-damage|p1a: Mew|7/100
|
|upkeep
|turn|2
|
|t:|1632510371
|move|p1a: Mew|Tailwind|p1a: Mew
|-sidestart|p1: s1mpp|move: Tailwind
|move|p2a: Empoleon|Hydro Pump|p1a: Mew
|-damage|p1a: Mew|0 fnt
|faint|p1a: Mew
|
|upkeep
|
|t:|1632510397
|switch|p1a: Nidoking|Nidoking, M|100/100
|turn|3
|
|t:|1632510401
|switch|p2a: Togekiss|Togekiss, M|100/100
|-damage|p2a: Togekiss|76/100|[from] Stealth Rock
|move|p1a: Nidoking|Earth Power|p2a: Togekiss
|-immune|p2a: Togekiss
|
|-heal|p2a: Togekiss|82/100|[from] item: Leftovers
|upkeep
|turn|4
|
|t:|1632510405
|move|p1a: Nidoking|Ice Beam|p2a: Togekiss
|-supereffective|p2a: Togekiss
|-damage|p2a: Togekiss|14/100
|move|p2a: Togekiss|Roost|p2a: Togekiss
|-heal|p2a: Togekiss|64/100
|-singleturn|p2a: Togekiss|move: Roost
|
|-heal|p2a: Togekiss|70/100|[from] item: Leftovers
|upkeep
|turn|5
|
|t:|1632510415
|move|p1a: Nidoking|Ice Beam|p2a: Togekiss
|-supereffective|p2a: Togekiss
|-damage|p2a: Togekiss|3/100
|move|p2a: Togekiss|Grass Knot|p1a: Nidoking
|-damage|p1a: Nidoking|68/100
|
|-heal|p2a: Togekiss|9/100|[from] item: Leftovers
|-sideend|p1: s1mpp|move: Tailwind
|upkeep
|turn|6
|
|t:|1632510421
|move|p1a: Nidoking|Fire Blast|p2a: Togekiss
|-damage|p2a: Togekiss|0 fnt
|faint|p2a: Togekiss
|
|upkeep
|
|t:|1632510447
|switch|p2a: Flygon|Flygon, M|100/100
|-damage|p2a: Flygon|95/100|[from] Stealth Rock
|turn|7
|j| blackkaiser
|inactive|Kounamii has 120 seconds left.
|
|t:|1632510482
|switch|p1a: Tornadus|Tornadus, M|100/100
|move|p2a: Flygon|Outrage|p1a: Tornadus
|-damage|p1a: Tornadus|8/100
|
|upkeep
|turn|8
|
|t:|1632510489
|move|p1a: Tornadus|Tailwind|p1a: Tornadus
|-sidestart|p1: s1mpp|move: Tailwind
|move|p2a: Flygon|Outrage|p1a: Tornadus|[from]lockedmove
|-damage|p1a: Tornadus|0 fnt
|faint|p1a: Tornadus
|-start|p2a: Flygon|confusion|[fatigue]
|
|upkeep
|
|t:|1632510491
|switch|p1a: Nidoking|Nidoking, M|68/100
|turn|9
|
|t:|1632510506
|switch|p2a: Empoleon|Empoleon, M|100/100
|-damage|p2a: Empoleon|94/100|[from] Stealth Rock
|move|p1a: Nidoking|Ice Beam|p2a: Empoleon
|-resisted|p2a: Empoleon
|-damage|p2a: Empoleon|84/100
|
|upkeep
|turn|10
|
|t:|1632510511
|move|p1a: Nidoking|Earth Power|p2a: Empoleon
|-supereffective|p2a: Empoleon
|-damage|p2a: Empoleon|0 fnt
|faint|p2a: Empoleon
|
|upkeep
|j| Ghost7788
|l| Ghost7788
|inactive|Kounamii has 120 seconds left.
|
|t:|1632510538
|switch|p2a: Qwilfish|Qwilfish, F|100/100
|-damage|p2a: Qwilfish|88/100|[from] Stealth Rock
|-ability|p2a: Qwilfish|Intimidate|boost
|-unboost|p1a: Nidoking|atk|1
|turn|11
|
|t:|1632510560
|move|p1a: Nidoking|Earth Power|p2a: Qwilfish
|-supereffective|p2a: Qwilfish
|-damage|p2a: Qwilfish|0 fnt
|faint|p2a: Qwilfish
|
|-sideend|p1: s1mpp|move: Tailwind
|upkeep
|
|t:|1632510562
|switch|p2a: Flygon|Flygon, M|95/100
|-damage|p2a: Flygon|89/100|[from] Stealth Rock
|turn|12
|
|t:|1632510566
|move|p2a: Flygon|Earthquake|p1a: Nidoking
|-supereffective|p1a: Nidoking
|-damage|p1a: Nidoking|0 fnt
|faint|p1a: Nidoking
|
|upkeep
|
|t:|1632510568
|switch|p1a: Suicune|Suicune|100/100
|-ability|p1a: Suicune|Pressure
|turn|13
|
|t:|1632510575
|switch|p2a: Raikou|Raikou|100/100
|-damage|p2a: Raikou|88/100|[from] Stealth Rock
|-ability|p2a: Raikou|Pressure
|move|p1a: Suicune|Calm Mind|p1a: Suicune
|-boost|p1a: Suicune|spa|1
|-boost|p1a: Suicune|spd|1
|
|-heal|p2a: Raikou|94/100|[from] item: Leftovers
|upkeep
|turn|14
|j| Dragonicos
|
|t:|1632510579
|move|p2a: Raikou|Calm Mind|p2a: Raikou
|-boost|p2a: Raikou|spa|1
|-boost|p2a: Raikou|spd|1
|move|p1a: Suicune|Hydro Pump|p2a: Raikou
|-damage|p2a: Raikou|43/100
|
|-heal|p2a: Raikou|50/100|[from] item: Leftovers
|upkeep
|turn|15
|
|t:|1632510584
|move|p2a: Raikou|Thunderbolt|p1a: Suicune
|-supereffective|p1a: Suicune
|-damage|p1a: Suicune|26/100
|move|p1a: Suicune|Hydro Pump|p2a: Raikou|[miss]
|-miss|p1a: Suicune|p2a: Raikou
|
|-heal|p2a: Raikou|56/100|[from] item: Leftovers
|-heal|p1a: Suicune|32/100|[from] item: Leftovers
|upkeep
|turn|16
|
|t:|1632510589
|move|p2a: Raikou|Thunderbolt|p1a: Suicune
|-supereffective|p1a: Suicune
|-damage|p1a: Suicune|0 fnt
|faint|p1a: Suicune
|
|-heal|p2a: Raikou|62/100|[from] item: Leftovers
|upkeep
|
|t:|1632510591
|switch|p1a: Druddigon|Druddigon, M|100/100
|-ability|p1a: Druddigon|Mold Breaker
|turn|17
|
|t:|1632510600
|move|p2a: Raikou|Hidden Power|p1a: Druddigon
|-supereffective|p1a: Druddigon
|-damage|p1a: Druddigon|20/100
|move|p1a: Druddigon|Outrage|p2a: Raikou
|-damage|p2a: Raikou|0 fnt
|faint|p2a: Raikou
|
|upkeep
|
|t:|1632510606
|switch|p2a: Flygon|Flygon, M|89/100
|-damage|p2a: Flygon|83/100|[from] Stealth Rock
|turn|18
|
|t:|1632510608
|move|p2a: Flygon|Earthquake|p1a: Druddigon
|-damage|p1a: Druddigon|0 fnt
|faint|p1a: Druddigon
|
|upkeep
|
|t:|1632510610
|switch|p1a: Victini|Victini|100/100
|turn|19
|-message|s1mpp forfeited.
|
|win|Kounamii
|n|☆s1mpp|s1mpp
|n|☆Kounamii|kounamii
|n| blackkaiser|blackkaiser
|n| Dragonicos|dragonicos
|l|☆s1mpp
|c|☆Kounamii|Gg
|l| Dragonicos
