|j|‽CurlyBigChuk99
|j|☆Undorian
|t:|1643990298
|gametype|singles
|player|p1|CurlyBigChuk99|backpacker|1259
|player|p2|Undorian|lady|1477
|teamsize|p1|6
|teamsize|p2|6
|gen|5
|tier|[Gen 5] OU
|rated|
|rule|Species Clause: Limit one of each Pokémon
|rule|OHKO Clause: OHKO moves are banned
|rule|Moody Clause: Moody is banned
|rule|Evasion Moves Clause: Evasion moves are banned
|rule|Endless Battle Clause: Forcing endless battles is banned
|rule|HP Percentage Mod: HP is shown in percentages
|rule|Evasion Abilities Clause: Evasion abilities are banned
|rule|Sleep Clause: Sleep-inducing moves are banned
|rule|Swagger Clause: Swagger is banned
|clearpoke
|poke|p1|Azelf|item
|poke|p1|Infernape, M|item
|poke|p1|Cloyster, M|item
|poke|p1|Garchomp, M|item
|poke|p1|Gengar, M|item
|poke|p1|Scizor, M|item
|poke|p2|Politoed, F|item
|poke|p2|Zapdos|item
|poke|p2|Ferrothorn, F|item
|poke|p2|Tentacruel, F|item
|poke|p2|Mamoswine, F|item
|poke|p2|Latios, M|item
|teampreview
|inactive|Battle timer is ON: inactive players will automatically lose when time's up. (requested by CurlyBigChuk99)
|c|☆Undorian|gl hff
|c|☆Undorian|sorry
|
|t:|1643990342
|start
|switch|p1a: Azelf|Azelf|100/100
|switch|p2a: Fresh Soda|Politoed, F|100/100
|-weather|RainDance|[from] ability: Drizzle|[of] p2a: Fresh Soda
|turn|1
|
|t:|1643990349
|move|p1a: Azelf|Stealth Rock|p2a: Fresh Soda
|-sidestart|p2: Undorian|move: Stealth Rock
|move|p2a: Fresh Soda|Encore|p1a: Azelf
|-start|p1a: Azelf|Encore
|
|-weather|RainDance|[upkeep]
|upkeep
|turn|2
|
|t:|1643990362
|switch|p1a: Cloyster|Cloyster, M|100/100
|move|p2a: Fresh Soda|Scald|p1a: Cloyster
|-resisted|p1a: Cloyster
|-damage|p1a: Cloyster|49/100
|-status|p1a: Cloyster|brn
|
|-weather|RainDance|[upkeep]
|-damage|p1a: Cloyster|36/100 brn|[from] brn
|upkeep
|turn|3
|
|t:|1643990372
|move|p1a: Cloyster|Ice Shard|p2a: Fresh Soda
|-resisted|p2a: Fresh Soda
|-damage|p2a: Fresh Soda|97/100
|move|p2a: Fresh Soda|Scald|p1a: Cloyster
|-resisted|p1a: Cloyster
|-damage|p1a: Cloyster|0 fnt
|faint|p1a: Cloyster
|
|-weather|RainDance|[upkeep]
|-heal|p2a: Fresh Soda|100/100|[from] item: Leftovers
|upkeep
|
|t:|1643990383
|switch|p1a: Infernape|Infernape, M|100/100
|turn|4
|
|t:|1643990387
|move|p1a: Infernape|Close Combat|p2a: Fresh Soda
|-damage|p2a: Fresh Soda|40/100
|-unboost|p1a: Infernape|def|1
|-unboost|p1a: Infernape|spd|1
|move|p2a: Fresh Soda|Scald|p1a: Infernape
|-supereffective|p1a: Infernape
|-damage|p1a: Infernape|0 fnt
|faint|p1a: Infernape
|
|-weather|RainDance|[upkeep]
|-heal|p2a: Fresh Soda|46/100|[from] item: Leftovers
|upkeep
|
|t:|1643990395
|switch|p1a: Scizor|Scizor, M|100/100
|turn|5
|
|t:|1643990399
|move|p2a: Fresh Soda|Scald|p1a: Scizor
|-damage|p1a: Scizor|61/100
|move|p1a: Scizor|Swords Dance|p1a: Scizor
|-boost|p1a: Scizor|atk|2
|
|-weather|RainDance|[upkeep]
|-heal|p2a: Fresh Soda|52/100|[from] item: Leftovers
|-heal|p1a: Scizor|67/100|[from] item: Leftovers
|upkeep
|turn|6
|
|t:|1643990408
|move|p2a: Fresh Soda|Encore|p1a: Scizor
|-start|p1a: Scizor|Encore
|move|p1a: Scizor|Swords Dance|p1a: Scizor
|-boost|p1a: Scizor|atk|2
|
|-weather|RainDance|[upkeep]
|-heal|p2a: Fresh Soda|58/100|[from] item: Leftovers
|-heal|p1a: Scizor|73/100|[from] item: Leftovers
|upkeep
|turn|7
|
|t:|1643990415
|move|p2a: Fresh Soda|Scald|p1a: Scizor
|-damage|p1a: Scizor|32/100
|move|p1a: Scizor|Swords Dance|p1a: Scizor
|-boost|p1a: Scizor|atk|2
|
|-weather|RainDance|[upkeep]
|-heal|p2a: Fresh Soda|64/100|[from] item: Leftovers
|-heal|p1a: Scizor|38/100|[from] item: Leftovers
|upkeep
|turn|8
|
|t:|1643990424
|move|p2a: Fresh Soda|Scald|p1a: Scizor
|-damage|p1a: Scizor|0 fnt
|faint|p1a: Scizor
|
|-weather|RainDance|[upkeep]
|-heal|p2a: Fresh Soda|70/100|[from] item: Leftovers
|upkeep
|-message|CurlyBigChuk99 forfeited.
|
|win|Undorian
|raw|CurlyBigChuk99's rating: 1259 &rarr; <strong>1248</strong><br />(-11 for losing)
|raw|Undorian's rating: 1477 &rarr; <strong>1486</strong><br />(+9 for winning)
|l|‽CurlyBigChuk99
|c|☆Undorian|gg
||Ladder isn't responding, score probably updated but might not have (Request timeout).
