|j|☆julianelvengador
|j|☆I❤PocketMonsters
|inactive|Battle timer is ON: inactive players will automatically lose when time's up.
|t:|1637250377
|gametype|singles
|player|p1|julianelvengador|striker|
|player|p2|I❤PocketMonsters|ash-unova|
|teamsize|p1|6
|teamsize|p2|6
|gen|5
|tier|[Gen 5] LC
|rated|Tournament battle
|rule|Species Clause: Limit one of each Pokémon
|rule|OHKO Clause: OHKO moves are banned
|rule|Moody Clause: Moody is banned
|rule|Evasion Moves Clause: Evasion moves are banned
|rule|Endless Battle Clause: Forcing endless battles is banned
|rule|HP Percentage Mod: HP is shown in percentages
|rule|Sleep Clause: Sleep-inducing moves are banned
|clearpoke
|poke|p1|Snover, L5, M|item
|poke|p1|Munchlax, L5, M|item
|poke|p1|Drilbur, L5, F|item
|poke|p1|Timburr, L5, M|item
|poke|p1|Abra, L5, M|item
|poke|p1|Carvanha, L5, M|item
|poke|p2|Mienfoo, L5, M|item
|poke|p2|Frillish, L5, F|item
|poke|p2|Porygon, L5|item
|poke|p2|Carvanha, L5, F|item
|poke|p2|Drilbur, L5, F|item
|poke|p2|Budew, L5, F|item
|teampreview
|c|☆I❤PocketMonsters|y are we doing it again
|c|☆I❤PocketMonsters|wasnt that the final
|inactive|I❤PocketMonsters has 120 seconds left.
|inactive|julianelvengador has 120 seconds left.
|
|t:|1637250421
|start
|switch|p1a: Munchlax|Munchlax, L5, M|100/100
|switch|p2a: Mienfoo|Mienfoo, L5, M|100/100
|turn|1
|
|t:|1637250443
|switch|p1a: Drilbur|Drilbur, L5, F|100/100
|-ability|p1a: Drilbur|Mold Breaker
|move|p2a: Mienfoo|High Jump Kick|p1a: Drilbur
|-damage|p1a: Drilbur|28/100
|
|upkeep
|turn|2
|
|t:|1637250452
|move|p2a: Mienfoo|High Jump Kick|p1a: Drilbur
|-damage|p1a: Drilbur|0 fnt
|faint|p1a: Drilbur
|
|upkeep
|
|t:|1637250459
|switch|p1a: Timburr|Timburr, L5, M|100/100
|turn|3
|
|t:|1637250463
|move|p2a: Mienfoo|High Jump Kick|p1a: Timburr
|-damage|p1a: Timburr|40/100
|move|p1a: Timburr|Drain Punch|p2a: Mienfoo
|-damage|p2a: Mienfoo|29/100
|-heal|p1a: Timburr|72/100|[from] drain|[of] p2a: Mienfoo
|
|upkeep
|turn|4
|
|t:|1637250474
|switch|p2a: Budew|Budew, L5, F|100/100
|move|p1a: Timburr|Mach Punch|p2a: Budew
|-resisted|p2a: Budew
|-damage|p2a: Budew|92/100
|
|upkeep
|turn|5
|
|t:|1637250481
|switch|p1a: Munchlax|Munchlax, L5, M|100/100
|move|p2a: Budew|Stun Spore|p1a: Munchlax|[miss]
|-miss|p2a: Budew|p1a: Munchlax
|
|upkeep
|turn|6
|
|t:|1637250487
|switch|p2a: Frillish|Frillish, L5, F|100/100
|move|p1a: Munchlax|Fire Punch|p2a: Frillish
|-resisted|p2a: Frillish
|-damage|p2a: Frillish|88/100
|-start|p1a: Munchlax|Disable|Fire Punch|[from] ability: Cursed Body|[of] p2a: Frillish
|
|upkeep
|turn|7
|
|t:|1637250497
|move|p2a: Frillish|Scald|p1a: Munchlax
|-damage|p1a: Munchlax|80/100
|move|p1a: Munchlax|Pursuit|p2a: Frillish
|-supereffective|p2a: Frillish
|-damage|p2a: Frillish|63/100
|
|upkeep
|turn|8
|
|t:|1637250504
|move|p2a: Frillish|Will-O-Wisp|p1a: Munchlax
|-status|p1a: Munchlax|brn
|move|p1a: Munchlax|Earthquake|p2a: Frillish
|-damage|p2a: Frillish|50/100
|
|-damage|p1a: Munchlax|70/100 brn|[from] brn
|upkeep
|turn|9
|
|t:|1637250523
|switch|p1a: Carvanha|Carvanha, L5, M|100/100
|move|p2a: Frillish|Recover|p2a: Frillish
|-heal|p2a: Frillish|100/100
|
|upkeep
|turn|10
|
|t:|1637250532
|move|p1a: Carvanha|Crunch|p2a: Frillish
|-supereffective|p2a: Frillish
|-damage|p2a: Frillish|5/100
|-damage|p1a: Carvanha|91/100|[from] item: Life Orb
|move|p2a: Frillish|Giga Drain|p1a: Carvanha
|-supereffective|p1a: Carvanha
|-damage|p1a: Carvanha|5/100
|-heal|p2a: Frillish|42/100|[from] drain|[of] p1a: Carvanha
|
|-ability|p1a: Carvanha|Speed Boost|boost
|-boost|p1a: Carvanha|spe|1
|upkeep
|turn|11
|
|t:|1637250543
|move|p1a: Carvanha|Crunch|p2a: Frillish
|-supereffective|p2a: Frillish
|-damage|p2a: Frillish|0 fnt
|faint|p2a: Frillish
|-damage|p1a: Carvanha|0 fnt|[from] item: Life Orb
|faint|p1a: Carvanha
|
|upkeep
|
|t:|1637250556
|switch|p1a: Timburr|Timburr, L5, M|72/100
|switch|p2a: Mienfoo|Mienfoo, L5, M|62/100
|turn|12
|
|t:|1637250563
|move|p2a: Mienfoo|U-turn|p1a: Timburr
|-resisted|p1a: Timburr
|-damage|p1a: Timburr|60/100
|
|t:|1637250567
|switch|p2a: Budew|Budew, L5, F|92/100|[from]move: U-turn
|move|p1a: Timburr|Drain Punch|p2a: Budew
|-resisted|p2a: Budew
|-damage|p2a: Budew|79/100
|-heal|p1a: Timburr|68/100|[from] drain|[of] p2a: Budew
|
|upkeep
|turn|13
|
|t:|1637250578
|switch|p1a: Munchlax|Munchlax, L5, M|70/100 brn
|move|p2a: Budew|Stun Spore|p1a: Munchlax|[miss]
|-miss|p2a: Budew|p1a: Munchlax
|
|-damage|p1a: Munchlax|60/100 brn|[from] brn
|upkeep
|turn|14
|
|t:|1637250586
|switch|p2a: Porygon|Porygon, L5|100/100
|-ability|p2a: Porygon|Thick Fat|[from] ability: Trace|[of] p1a: Munchlax
|move|p1a: Munchlax|Fire Punch|p2a: Porygon
|-damage|p2a: Porygon|96/100
|
|-damage|p1a: Munchlax|50/100 brn|[from] brn
|upkeep
|turn|15
|
|t:|1637250594
|move|p2a: Porygon|Psychic|p1a: Munchlax
|-damage|p1a: Munchlax|34/100 brn
|move|p1a: Munchlax|Return|p2a: Porygon
|-damage|p2a: Porygon|72/100
|
|-damage|p1a: Munchlax|24/100 brn|[from] brn
|upkeep
|turn|16
|
|t:|1637250600
|move|p2a: Porygon|Psychic|p1a: Munchlax
|-damage|p1a: Munchlax|7/100 brn
|move|p1a: Munchlax|Return|p2a: Porygon
|-damage|p2a: Porygon|48/100
|
|-damage|p1a: Munchlax|0 fnt|[from] brn
|faint|p1a: Munchlax
|upkeep
|
|t:|1637250627
|switch|p1a: Timburr|Timburr, L5, M|68/100
|turn|17
|inactive|I❤PocketMonsters has 120 seconds left.
|
|t:|1637250687
|switch|p2a: Budew|Budew, L5, F|79/100
|move|p1a: Timburr|Bulk Up|p1a: Timburr
|-boost|p1a: Timburr|atk|1
|-boost|p1a: Timburr|def|1
|
|upkeep
|turn|18
|
|t:|1637250696
|switch|p1a: Snover|Snover, L5, M|100/100
|-weather|Hail|[from] ability: Snow Warning|[of] p1a: Snover
|move|p2a: Budew|Stun Spore|p1a: Snover
|-status|p1a: Snover|par
|
|-weather|Hail|[upkeep]
|-damage|p2a: Budew|74/100|[from] Hail
|upkeep
|turn|19
|
|t:|1637250701
|move|p2a: Budew|Sludge Bomb|p1a: Snover
|-supereffective|p1a: Snover
|-damage|p1a: Snover|0 fnt
|faint|p1a: Snover
|
|-weather|Hail|[upkeep]
|-damage|p2a: Budew|70/100|[from] Hail
|upkeep
|
|t:|1637250715
|switch|p1a: Abra|Abra, L5, M|100/100
|turn|20
|inactive|I❤PocketMonsters has 120 seconds left.
|
|t:|1637250725
|switch|p2a: Carvanha|Carvanha, L5, F|100/100
|move|p1a: Abra|Hidden Power|p2a: Carvanha
|-supereffective|p2a: Carvanha
|-damage|p2a: Carvanha|0 fnt
|faint|p2a: Carvanha
|
|-weather|Hail|[upkeep]
|upkeep
|inactive|I❤PocketMonsters has 120 seconds left.
|
|t:|1637250734
|switch|p2a: Drilbur|Drilbur, L5, F|100/100
|-ability|p2a: Drilbur|Mold Breaker
|turn|21
|
|t:|1637250746
|move|p1a: Abra|Protect|p1a: Abra
|-singleturn|p1a: Abra|Protect
|move|p2a: Drilbur|Earthquake|p1a: Abra
|-activate|p1a: Abra|move: Protect
|
|-weather|Hail|[upkeep]
|-damage|p2a: Drilbur|96/100|[from] Hail
|upkeep
|turn|22
|
|t:|1637250759
|move|p1a: Abra|Psychic|p2a: Drilbur
|-damage|p2a: Drilbur|31/100
|move|p2a: Drilbur|Earthquake|p1a: Abra
|-crit|p1a: Abra
|-enditem|p1a: Abra|Focus Sash
|-damage|p1a: Abra|6/100
|
|-weather|Hail|[upkeep]
|-damage|p2a: Drilbur|27/100|[from] Hail
|upkeep
|turn|23
|
|t:|1637250774
|move|p1a: Abra|Psychic|p2a: Drilbur
|-damage|p2a: Drilbur|0 fnt
|faint|p2a: Drilbur
|
|-weather|Hail|[upkeep]
|upkeep
|
|t:|1637250778
|switch|p2a: Mienfoo|Mienfoo, L5, M|96/100
|turn|24
|
|t:|1637250785
|move|p1a: Abra|Protect|p1a: Abra
|-singleturn|p1a: Abra|Protect
|move|p2a: Mienfoo|U-turn|p1a: Abra
|-activate|p1a: Abra|move: Protect
|
|-weather|Hail|[upkeep]
|-damage|p2a: Mienfoo|91/100|[from] Hail
|upkeep
|turn|25
|
|t:|1637250792
|switch|p1a: Timburr|Timburr, L5, M|68/100
|move|p2a: Mienfoo|U-turn|p1a: Timburr
|-resisted|p1a: Timburr
|-damage|p1a: Timburr|57/100
|
|t:|1637250796
|switch|p2a: Budew|Budew, L5, F|70/100|[from]move: U-turn
|
|-weather|Hail|[upkeep]
|-damage|p2a: Budew|66/100|[from] Hail
|-damage|p1a: Timburr|52/100|[from] Hail
|upkeep
|turn|26
|
|t:|1637250805
|move|p2a: Budew|Spikes|p1a: Timburr
|-sidestart|p1: julianelvengador|Spikes
|move|p1a: Timburr|Bulk Up|p1a: Timburr
|-boost|p1a: Timburr|atk|1
|-boost|p1a: Timburr|def|1
|
|-weather|Hail|[upkeep]
|-damage|p2a: Budew|61/100|[from] Hail
|-damage|p1a: Timburr|48/100|[from] Hail
|upkeep
|turn|27
|
|t:|1637250819
|move|p2a: Budew|Giga Drain|p1a: Timburr
|-damage|p1a: Timburr|24/100
|-heal|p2a: Budew|74/100|[from] drain|[of] p1a: Timburr
|move|p1a: Timburr|Drain Punch|p2a: Budew
|-resisted|p2a: Budew
|-damage|p2a: Budew|48/100
|-heal|p1a: Timburr|36/100|[from] drain|[of] p2a: Budew
|
|-weather|Hail|[upkeep]
|-damage|p2a: Budew|44/100|[from] Hail
|-damage|p1a: Timburr|32/100|[from] Hail
|upkeep
|turn|28
|
|t:|1637250825
|move|p2a: Budew|Sludge Bomb|p1a: Timburr
|-damage|p1a: Timburr|4/100
|-status|p1a: Timburr|psn
|move|p1a: Timburr|Drain Punch|p2a: Budew
|-resisted|p2a: Budew
|-damage|p2a: Budew|9/100
|-heal|p1a: Timburr|20/100 psn|[from] drain|[of] p2a: Budew
|
|-weather|Hail|[upkeep]
|-damage|p2a: Budew|5/100|[from] Hail
|-damage|p1a: Timburr|16/100 psn|[from] Hail
|-damage|p1a: Timburr|4/100 psn|[from] psn
|upkeep
|turn|29
|
|t:|1637250830
|move|p1a: Timburr|Mach Punch|p2a: Budew
|-resisted|p2a: Budew
|-damage|p2a: Budew|0 fnt
|faint|p2a: Budew
|
|-weather|Hail|[upkeep]
|-damage|p1a: Timburr|0 fnt|[from] Hail
|faint|p1a: Timburr
|upkeep
|
|t:|1637250833
|switch|p2a: Mienfoo|Mienfoo, L5, M|100/100
|switch|p1a: Abra|Abra, L5, M|6/100
|turn|30
|
|t:|1637250836
|move|p1a: Abra|Protect|p1a: Abra
|-singleturn|p1a: Abra|Protect
|move|p2a: Mienfoo|U-turn|p1a: Abra
|-activate|p1a: Abra|move: Protect
|
|-weather|Hail|[upkeep]
|-damage|p2a: Mienfoo|96/100|[from] Hail
|upkeep
|turn|31
|
|t:|1637250849
|move|p2a: Mienfoo|U-turn|p1a: Abra
|-supereffective|p1a: Abra
|-damage|p1a: Abra|0 fnt
|faint|p1a: Abra
|
|win|I❤PocketMonsters
|n|☆julianelvengador|julianelvengador
|n|☆I❤PocketMonsters|ipocketmonsters
