|j|☆tank skunk
|j|☆Rylora
|t:|1642435059
|gametype|singles
|player|p1|tank skunk|pokefan|1104
|player|p2|Rylora|jupiter|1282
|teamsize|p1|6
|teamsize|p2|6
|gen|5
|tier|[Gen 5] NU
|rated|
|rule|Species Clause: Limit one of each Pokémon
|rule|OHKO Clause: OHKO moves are banned
|rule|Moody Clause: Moody is banned
|rule|Evasion Moves Clause: Evasion moves are banned
|rule|Endless Battle Clause: Forcing endless battles is banned
|rule|HP Percentage Mod: HP is shown in percentages
|rule|Evasion Abilities Clause: Evasion abilities are banned
|rule|Swagger Clause: Swagger is banned
|rule|Baton Pass Clause: Limit one Baton Passer, can't pass Spe and other stats simultaneously
|rule|Sleep Clause Mod: Limit one foe put to sleep
|clearpoke
|poke|p1|Lunatone|item
|poke|p1|Scraggy, M|item
|poke|p1|Electabuzz, M|item
|poke|p1|Golbat, F|item
|poke|p1|Rapidash, F|item
|poke|p1|Ludicolo, M|item
|poke|p2|Garbodor, M|item
|poke|p2|Swellow, M|item
|poke|p2|Misdreavus, F|item
|poke|p2|Golem, M|item
|poke|p2|Sawk, M|item
|poke|p2|Lickilicky, F|item
|teampreview
|inactive|Battle timer is ON: inactive players will automatically lose when time's up. (requested by tank skunk)
|
|t:|1642435078
|start
|switch|p1a: Ludacris|Ludicolo, M, shiny|100/100
|switch|p2a: Misdreavus|Misdreavus, F|100/100
|turn|1
|
|t:|1642435094
|switch|p2a: Lickilicky|Lickilicky, F|100/100
|move|p1a: Ludacris|Leech Seed|p2a: Lickilicky
|-start|p2a: Lickilicky|move: Leech Seed
|
|-damage|p2a: Lickilicky|88/100|[from] Leech Seed|[of] p1a: Ludacris
|upkeep
|turn|2
|
|t:|1642435102
|switch|p1a: Ultra Moon|Lunatone|100/100
|move|p2a: Lickilicky|Body Slam|p1a: Ultra Moon
|-resisted|p1a: Ultra Moon
|-damage|p1a: Ultra Moon|82/100
|
|-heal|p1a: Ultra Moon|88/100|[from] item: Leftovers
|-heal|p2a: Lickilicky|94/100|[from] item: Leftovers
|-damage|p2a: Lickilicky|82/100|[from] Leech Seed|[of] p1a: Ultra Moon
|-heal|p1a: Ultra Moon|100/100|[silent]
|upkeep
|turn|3
|
|t:|1642435130
|switch|p2a: Garbodor|Garbodor, M|100/100
|move|p1a: Ultra Moon|Stealth Rock|p2a: Garbodor
|-sidestart|p2: Rylora|move: Stealth Rock
|
|upkeep
|turn|4
|
|t:|1642435135
|move|p2a: Garbodor|Spikes|p1a: Ultra Moon
|-sidestart|p1: tank skunk|Spikes
|move|p1a: Ultra Moon|Psychic|p2a: Garbodor
|-supereffective|p2a: Garbodor
|-damage|p2a: Garbodor|11/100
|
|upkeep
|turn|5
|
|t:|1642435148
|move|p2a: Garbodor|Spikes|p1a: Ultra Moon
|-sidestart|p1: tank skunk|Spikes
|move|p1a: Ultra Moon|Hidden Power|p2a: Garbodor
|-damage|p2a: Garbodor|0 fnt
|faint|p2a: Garbodor
|
|upkeep
|
|t:|1642435151
|switch|p2a: Misdreavus|Misdreavus, F|100/100
|-damage|p2a: Misdreavus|88/100|[from] Stealth Rock
|turn|6
|
|t:|1642435179
|switch|p1a: PantGround|Scraggy, M, shiny|100/100
|-damage|p1a: PantGround|84/100|[from] Spikes
|move|p2a: Misdreavus|Shadow Ball|p1a: PantGround
|-resisted|p1a: PantGround
|-damage|p1a: PantGround|67/100
|
|upkeep
|turn|7
|
|t:|1642435192
|move|p2a: Misdreavus|Will-O-Wisp|p1a: PantGround
|-status|p1a: PantGround|brn
|move|p1a: PantGround|Crunch|p2a: Misdreavus
|-supereffective|p2a: Misdreavus
|-damage|p2a: Misdreavus|67/100
|
|-damage|p1a: PantGround|55/100 brn|[from] brn
|upkeep
|turn|8
|
|t:|1642435198
|move|p2a: Misdreavus|Taunt|p1a: PantGround
|-start|p1a: PantGround|move: Taunt
|cant|p1a: PantGround|move: Taunt|Dragon Dance
|
|-damage|p1a: PantGround|43/100 brn|[from] brn
|upkeep
|turn|9
|
|t:|1642435205
|move|p2a: Misdreavus|Thunderbolt|p1a: PantGround
|-damage|p1a: PantGround|18/100 brn
|move|p1a: PantGround|Crunch|p2a: Misdreavus
|-supereffective|p2a: Misdreavus
|-damage|p2a: Misdreavus|47/100
|-unboost|p2a: Misdreavus|def|1
|
|-damage|p1a: PantGround|5/100 brn|[from] brn
|upkeep
|turn|10
|
|t:|1642435221
|switch|p1a: Aldrin|Electabuzz, M|100/100
|-damage|p1a: Aldrin|84/100|[from] Spikes
|move|p2a: Misdreavus|Thunderbolt|p1a: Aldrin
|-resisted|p1a: Aldrin
|-damage|p1a: Aldrin|74/100
|
|upkeep
|turn|11
|
|t:|1642435231
|switch|p1a: PantGround|Scraggy, M, shiny|5/100 brn
|-damage|p1a: PantGround|0 fnt|[from] Spikes
|faint|p1a: PantGround
|switch|p2a: Lickilicky|Lickilicky, F|82/100
|-damage|p2a: Lickilicky|69/100|[from] Stealth Rock
|
|-heal|p2a: Lickilicky|75/100|[from] item: Leftovers
|upkeep
|
|t:|1642435247
|switch|p1a: Ultra Moon|Lunatone|100/100
|turn|12
|
|t:|1642435255
|move|p1a: Ultra Moon|Psychic|p2a: Lickilicky
|-crit|p2a: Lickilicky
|-damage|p2a: Lickilicky|30/100
|move|p2a: Lickilicky|Wish|p2a: Lickilicky
|
|-heal|p2a: Lickilicky|36/100|[from] item: Leftovers
|upkeep
|turn|13
|
|t:|1642435266
|move|p1a: Ultra Moon|Psychic|p2a: Lickilicky
|-crit|p2a: Lickilicky
|-damage|p2a: Lickilicky|0 fnt
|faint|p2a: Lickilicky
|
|upkeep
|
|t:|1642435272
|switch|p2a: Misdreavus|Misdreavus, F|47/100
|-damage|p2a: Misdreavus|34/100|[from] Stealth Rock
|turn|14
|
|t:|1642435278
|move|p2a: Misdreavus|Shadow Ball|p1a: Ultra Moon
|-supereffective|p1a: Ultra Moon
|-damage|p1a: Ultra Moon|45/100
|move|p1a: Ultra Moon|Psychic|p2a: Misdreavus
|-damage|p2a: Misdreavus|0 fnt
|faint|p2a: Misdreavus
|
|-heal|p1a: Ultra Moon|51/100|[from] item: Leftovers
|upkeep
|
|t:|1642435285
|switch|p2a: Sawk|Sawk, M|100/100
|-damage|p2a: Sawk|94/100|[from] Stealth Rock
|-ability|p2a: Sawk|Mold Breaker
|turn|15
|
|t:|1642435297
|switch|p1a: Big Mouth|Golbat, F, shiny|100/100
|move|p2a: Sawk|Close Combat|p1a: Big Mouth
|-resisted|p1a: Big Mouth
|-damage|p1a: Big Mouth|90/100
|-unboost|p2a: Sawk|def|1
|-unboost|p2a: Sawk|spd|1
|
|upkeep
|turn|16
|
|t:|1642435303
|switch|p2a: Golem|Golem, M|100/100
|-damage|p2a: Golem|95/100|[from] Stealth Rock
|move|p1a: Big Mouth|Brave Bird|p2a: Golem
|-resisted|p2a: Golem
|-damage|p2a: Golem|81/100
|-damage|p1a: Big Mouth|86/100|[from] Recoil
|
|-heal|p2a: Golem|87/100|[from] item: Leftovers
|upkeep
|turn|17
|
|t:|1642435311
|switch|p1a: Ludacris|Ludicolo, M, shiny|100/100
|-damage|p1a: Ludacris|84/100|[from] Spikes
|move|p2a: Golem|Stealth Rock|p1a: Ludacris
|-sidestart|p1: tank skunk|move: Stealth Rock
|
|-heal|p1a: Ludacris|90/100|[from] item: Leftovers
|-heal|p2a: Golem|93/100|[from] item: Leftovers
|upkeep
|turn|18
|
|t:|1642435325
|move|p2a: Golem|Sucker Punch|p1a: Ludacris
|-damage|p1a: Ludacris|58/100
|move|p1a: Ludacris|Scald|p2a: Golem
|-supereffective|p2a: Golem
|-damage|p2a: Golem|0 fnt
|faint|p2a: Golem
|
|-heal|p1a: Ludacris|64/100|[from] item: Leftovers
|upkeep
|
|t:|1642435331
|switch|p2a: Swellow|Swellow, M|100/100
|-damage|p2a: Swellow|76/100|[from] Stealth Rock
|turn|19
|
|t:|1642435351
|move|p2a: Swellow|Brave Bird|p1a: Ludacris
|-supereffective|p1a: Ludacris
|-damage|p1a: Ludacris|0 fnt
|faint|p1a: Ludacris
|-damage|p2a: Swellow|46/100|[from] Recoil
|
|-status|p2a: Swellow|tox|[from] item: Toxic Orb
|upkeep
|
|t:|1642435357
|switch|p1a: Ultra Moon|Lunatone|51/100
|-damage|p1a: Ultra Moon|38/100|[from] Stealth Rock
|turn|20
|
|t:|1642435361
|move|p2a: Swellow|U-turn|p1a: Ultra Moon
|-supereffective|p1a: Ultra Moon
|-damage|p1a: Ultra Moon|0 fnt
|faint|p1a: Ultra Moon
|
|t:|1642435363
|switch|p2a: Sawk|Sawk, M|94/100|[from]move: U-turn
|-damage|p2a: Sawk|88/100|[from] Stealth Rock
|-ability|p2a: Sawk|Mold Breaker
|
|upkeep
|
|t:|1642435368
|switch|p1a: Big Mouth|Golbat, F, shiny|86/100
|-damage|p1a: Big Mouth|61/100|[from] Stealth Rock
|turn|21
|
|t:|1642435372
|move|p2a: Sawk|Stone Edge|p1a: Big Mouth
|-supereffective|p1a: Big Mouth
|-damage|p1a: Big Mouth|19/100
|move|p1a: Big Mouth|Roost|p1a: Big Mouth
|-heal|p1a: Big Mouth|69/100
|-singleturn|p1a: Big Mouth|move: Roost
|
|upkeep
|turn|22
|
|t:|1642435382
|move|p2a: Sawk|Stone Edge|p1a: Big Mouth
|-supereffective|p1a: Big Mouth
|-damage|p1a: Big Mouth|21/100
|move|p1a: Big Mouth|Brave Bird|p2a: Sawk
|-supereffective|p2a: Sawk
|-damage|p2a: Sawk|0 fnt
|faint|p2a: Sawk
|-damage|p1a: Big Mouth|0 fnt|[from] Recoil
|faint|p1a: Big Mouth
|
|upkeep
|
|t:|1642435395
|switch|p2a: Swellow|Swellow, M|46/100 tox
|switch|p1a: Rarity|Rapidash, F, shiny|100/100
|-damage|p2a: Swellow|22/100 tox|[from] Stealth Rock
|-damage|p1a: Rarity|84/100|[from] Spikes
|-damage|p1a: Rarity|59/100|[from] Stealth Rock
|turn|23
|
|t:|1642435398
|move|p2a: Swellow|Facade|p1a: Rarity
|-damage|p1a: Rarity|0 fnt
|faint|p1a: Rarity
|
|-damage|p2a: Swellow|15/100 tox|[from] psn
|upkeep
|
|t:|1642435402
|switch|p1a: Aldrin|Electabuzz, M|74/100
|-damage|p1a: Aldrin|62/100|[from] Stealth Rock
|-damage|p1a: Aldrin|45/100|[from] Spikes
|turn|24
|c|☆tank skunk|gg
|
|t:|1642435422
|move|p2a: Swellow|Facade|p1a: Aldrin
|-damage|p1a: Aldrin|0 fnt
|faint|p1a: Aldrin
|
|win|Rylora
|raw|tank skunk's rating: 1104 &rarr; <strong>1091</strong><br />(-13 for losing)
|raw|Rylora's rating: 1282 &rarr; <strong>1295</strong><br />(+13 for winning)
|c|☆Rylora|g
|c|☆Rylora|gg!*
|l|☆Rylora
