|j|☆Ash cuda
|j|☆RogerBuster
|t:|1627241641
|gametype|singles
|player|p1|Ash cuda|chuck|
|player|p2|RogerBuster|winona|
|teamsize|p1|6
|teamsize|p2|6
|gen|5
|tier|[Gen 5] LC
|rule|Species Clause: Limit one of each Pokémon
|rule|OHKO Clause: OHKO moves are banned
|rule|Moody Clause: Moody is banned
|rule|Evasion Moves Clause: Evasion moves are banned
|rule|Endless Battle Clause: Forcing endless battles is banned
|rule|HP Percentage Mod: HP is shown in percentages
|rule|Sleep Clause: Sleep-inducing moves are banned
|clearpoke
|poke|p1|Mienfoo, L5, M|item
|poke|p1|Munchlax, L5, M|item
|poke|p1|Turtwig, L5, F|item
|poke|p1|Pawniard, L5, F|item
|poke|p1|Chinchou, L5, M|item
|poke|p1|Spearow, L5, M|item
|poke|p2|Piplup, L5, M|item
|poke|p2|Elgyem, L5, M|item
|poke|p2|Cyndaquil, L5, M|item
|poke|p2|Gulpin, L5, F|item
|poke|p2|Anorith, L5, F|item
|poke|p2|Paras, L5, M|item
|teampreview
|inactive|Battle timer is ON: inactive players will automatically lose when time's up. (requested by Ash cuda)
|inactiveoff|Battle timer is now OFF.
|j| porterishawtest
|n| TTL Specs|porterishawtest
|
|t:|1627241720
|start
|switch|p1a: Turtwig|Turtwig, L5, F|100/100
|switch|p2a: Gulpin|Gulpin, L5, F|100/100
|turn|1
|c| TTL Specs|Hey guys, can't join vc today but gl to both of you
|c|☆RogerBuster|Thank you Specs, glad you can make it.
|c|☆Ash cuda|heyo specs
|
|t:|1627241751
|switch|p1a: Chinchou|Chinchou, L5, M|100/100
|move|p2a: Gulpin|Toxic|p1a: Chinchou
|-status|p1a: Chinchou|tox
|
|-damage|p1a: Chinchou|96/100 tox|[from] psn
|upkeep
|turn|2
|
|t:|1627241760
|move|p1a: Chinchou|Scald|p2a: Gulpin
|-damage|p2a: Gulpin|74/100
|move|p2a: Gulpin|Stockpile|p2a: Gulpin
|-start|p2a: Gulpin|stockpile1
|-boost|p2a: Gulpin|def|1
|-boost|p2a: Gulpin|spd|1
|
|-damage|p1a: Chinchou|88/100 tox|[from] psn
|upkeep
|turn|3
|
|t:|1627241771
|move|p1a: Chinchou|Heal Bell|p1a: Chinchou
|-activate|p1a: Chinchou|move: Heal Bell
|-curestatus|p1a: Chinchou|tox|[msg]
|move|p2a: Gulpin|Pain Split|p1a: Chinchou
|-sethp|p1a: Chinchou|76/100|[from] move: Pain Split|[silent]
|-sethp|p2a: Gulpin|83/100|[from] move: Pain Split
|
|upkeep
|turn|4
|
|t:|1627241780
|move|p1a: Chinchou|Scald|p2a: Gulpin
|-damage|p2a: Gulpin|66/100
|move|p2a: Gulpin|Stockpile|p2a: Gulpin
|-start|p2a: Gulpin|stockpile2
|-boost|p2a: Gulpin|def|1
|-boost|p2a: Gulpin|spd|1
|
|upkeep
|turn|5
|
|t:|1627241788
|move|p1a: Chinchou|Scald|p2a: Gulpin
|-damage|p2a: Gulpin|53/100
|move|p2a: Gulpin|Toxic|p1a: Chinchou
|-status|p1a: Chinchou|tox
|
|-damage|p1a: Chinchou|72/100 tox|[from] psn
|upkeep
|turn|6
|
|t:|1627241797
|move|p1a: Chinchou|Scald|p2a: Gulpin
|-damage|p2a: Gulpin|40/100
|move|p2a: Gulpin|Fire Punch|p1a: Chinchou
|-resisted|p1a: Chinchou
|-damage|p1a: Chinchou|64/100 tox
|
|-damage|p1a: Chinchou|57/100 tox|[from] psn
|upkeep
|turn|7
|
|t:|1627241805
|move|p1a: Chinchou|Scald|p2a: Gulpin
|-damage|p2a: Gulpin|27/100
|-status|p2a: Gulpin|brn
|move|p2a: Gulpin|Pain Split|p1a: Chinchou
|-sethp|p1a: Chinchou|40/100 tox|[from] move: Pain Split|[silent]
|-sethp|p2a: Gulpin|44/100 brn|[from] move: Pain Split
|
|-damage|p1a: Chinchou|29/100 tox|[from] psn
|-damage|p2a: Gulpin|35/100 brn|[from] brn
|upkeep
|turn|8
|
|t:|1627241818
|move|p1a: Chinchou|Rest|p1a: Chinchou
|-status|p1a: Chinchou|slp|[from] move: Rest
|-heal|p1a: Chinchou|100/100 slp|[silent]
|move|p2a: Gulpin|Stockpile|p2a: Gulpin
|-start|p2a: Gulpin|stockpile3
|-boost|p2a: Gulpin|def|1
|-boost|p2a: Gulpin|spd|1
|
|-damage|p2a: Gulpin|27/100 brn|[from] brn
|upkeep
|turn|9
|
|t:|1627241833
|cant|p1a: Chinchou|slp
|move|p1a: Chinchou|Sleep Talk|p1a: Chinchou
|move|p1a: Chinchou|Heal Bell|p1a: Chinchou|[from]move: Sleep Talk
|-activate|p1a: Chinchou|move: Heal Bell
|-curestatus|p1a: Chinchou|slp|[msg]
|move|p2a: Gulpin|Pain Split|p1a: Chinchou
|-sethp|p1a: Chinchou|60/100|[from] move: Pain Split|[silent]
|-sethp|p2a: Gulpin|66/100 brn|[from] move: Pain Split
|
|-damage|p2a: Gulpin|57/100 brn|[from] brn
|upkeep
|turn|10
|
|t:|1627241844
|move|p1a: Chinchou|Scald|p2a: Gulpin
|-damage|p2a: Gulpin|44/100 brn
|move|p2a: Gulpin|Stockpile||[still]
|-fail|p2a: Gulpin
|
|-damage|p2a: Gulpin|35/100 brn|[from] brn
|upkeep
|turn|11
|
|t:|1627241857
|move|p1a: Chinchou|Scald|p2a: Gulpin
|-damage|p2a: Gulpin|22/100 brn
|move|p2a: Gulpin|Pain Split|p1a: Chinchou
|-sethp|p1a: Chinchou|40/100|[from] move: Pain Split|[silent]
|-sethp|p2a: Gulpin|44/100 brn|[from] move: Pain Split
|
|-damage|p2a: Gulpin|35/100 brn|[from] brn
|upkeep
|turn|12
|
|t:|1627241885
|switch|p2a: Paras|Paras, L5, M|100/100
|move|p1a: Chinchou|Rest|p1a: Chinchou
|-status|p1a: Chinchou|slp|[from] move: Rest
|-heal|p1a: Chinchou|100/100 slp|[silent]
|
|upkeep
|turn|13
|
|t:|1627241900
|switch|p1a: Spearow|Spearow, L5, M|100/100
|move|p2a: Paras|Aromatherapy|p2a: Paras
|-activate|p2a: Paras|move: Aromatherapy
|-curestatus|p2: Gulpin|brn|[msg]
|
|upkeep
|turn|14
|
|t:|1627241916
|switch|p2a: Anorith|Anorith, L5, F|100/100
|move|p1a: Spearow|U-turn|p2a: Anorith
|-damage|p2a: Anorith|77/100
|
|t:|1627241925
|switch|p1a: Mienfoo|Mienfoo, L5, M|100/100|[from]move: U-turn
|
|upkeep
|turn|15
|
|t:|1627241931
|move|p1a: Mienfoo|Fake Out|p2a: Anorith
|-resisted|p2a: Anorith
|-damage|p2a: Anorith|72/100
|cant|p2a: Anorith|flinch
|
|upkeep
|turn|16
|
|t:|1627241936
|move|p2a: Anorith|Stealth Rock|p1a: Mienfoo
|-sidestart|p1: Ash cuda|move: Stealth Rock
|move|p1a: Mienfoo|Drain Punch|p2a: Anorith
|-damage|p2a: Anorith|29/100
|
|upkeep
|turn|17
|
|t:|1627241955
|move|p2a: Anorith|Rock Slide|p1a: Mienfoo
|-resisted|p1a: Mienfoo
|-damage|p1a: Mienfoo|83/100
|cant|p1a: Mienfoo|flinch
|
|upkeep
|turn|18
|
|t:|1627241963
|switch|p2a: Paras|Paras, L5, M|100/100
|move|p1a: Mienfoo|Drain Punch|p2a: Paras
|-resisted|p2a: Paras
|-damage|p2a: Paras|87/100
|-heal|p1a: Mienfoo|92/100|[from] drain|[of] p2a: Paras
|-status|p1a: Mienfoo|slp|[from] ability: Effect Spore|[of] p2a: Paras
|
|upkeep
|turn|19
|
|t:|1627241974
|switch|p1a: Spearow|Spearow, L5, M|100/100
|-damage|p1a: Spearow|77/100|[from] Stealth Rock
|move|p2a: Paras|X-Scissor|p1a: Spearow
|-resisted|p1a: Spearow
|-damage|p1a: Spearow|48/100
|
|upkeep
|turn|20
|
|t:|1627241993
|switch|p2a: Gulpin|Gulpin, L5, F|35/100
|move|p1a: Spearow|Drill Peck|p2a: Gulpin
|-damage|p2a: Gulpin|5/100
|
|upkeep
|turn|21
|
|t:|1627241999
|move|p1a: Spearow|Drill Peck|p2a: Gulpin
|-damage|p2a: Gulpin|0 fnt
|faint|p2a: Gulpin
|
|upkeep
|
|t:|1627242024
|switch|p2a: Piplup|Piplup, L5, M|100/100
|turn|22
|
|t:|1627242029
|move|p1a: Spearow|Drill Peck|p2a: Piplup
|-damage|p2a: Piplup|60/100
|move|p2a: Piplup|Ice Beam|p1a: Spearow
|-supereffective|p1a: Spearow
|-damage|p1a: Spearow|0 fnt
|faint|p1a: Spearow
|
|upkeep
|
|t:|1627242040
|switch|p1a: Chinchou|Chinchou, L5, M|100/100 slp
|-damage|p1a: Chinchou|88/100 slp|[from] Stealth Rock
|turn|23
|
|t:|1627242070
|switch|p2a: Elgyem|Elgyem, L5, M|100/100
|cant|p1a: Chinchou|slp
|move|p1a: Chinchou|Sleep Talk|p1a: Chinchou
|move|p1a: Chinchou|Rest||[from]move: Sleep Talk|[still]
|-fail|p1a: Chinchou
|
|upkeep
|turn|24
|
|t:|1627242097
|cant|p1a: Chinchou|slp
|move|p1a: Chinchou|Sleep Talk|p1a: Chinchou
|move|p1a: Chinchou|Rest||[from]move: Sleep Talk|[still]
|-fail|p1a: Chinchou
|move|p2a: Elgyem|Dark Pulse|p1a: Chinchou
|-damage|p1a: Chinchou|57/100 slp
|
|upkeep
|turn|25
|
|t:|1627242105
|-curestatus|p1a: Chinchou|slp|[msg]
|move|p1a: Chinchou|Heal Bell|p1a: Chinchou
|-activate|p1a: Chinchou|move: Heal Bell
|-curestatus|p1: Mienfoo|slp|[msg]
|move|p2a: Elgyem|Psychic|p1a: Chinchou
|-damage|p1a: Chinchou|4/100
|
|upkeep
|turn|26
|
|t:|1627242113
|move|p1a: Chinchou|Rest|p1a: Chinchou
|-status|p1a: Chinchou|slp|[from] move: Rest
|-heal|p1a: Chinchou|100/100 slp|[silent]
|move|p2a: Elgyem|Nasty Plot|p2a: Elgyem
|-boost|p2a: Elgyem|spa|2
|
|upkeep
|turn|27
|
|t:|1627242120
|cant|p1a: Chinchou|slp
|move|p1a: Chinchou|Sleep Talk|p1a: Chinchou
|move|p1a: Chinchou|Rest||[from]move: Sleep Talk|[still]
|-fail|p1a: Chinchou
|move|p2a: Elgyem|Dark Pulse|p1a: Chinchou
|-damage|p1a: Chinchou|40/100 slp
|
|upkeep
|turn|28
|
|t:|1627242127
|cant|p1a: Chinchou|slp
|move|p1a: Chinchou|Sleep Talk|p1a: Chinchou
|move|p1a: Chinchou|Scald|p2a: Elgyem|[from]move: Sleep Talk
|-damage|p2a: Elgyem|71/100
|-status|p2a: Elgyem|brn
|move|p2a: Elgyem|Dark Pulse|p1a: Chinchou
|-crit|p1a: Chinchou
|-damage|p1a: Chinchou|0 fnt
|faint|p1a: Chinchou
|
|-damage|p2a: Elgyem|59/100 brn|[from] brn
|upkeep
|
|t:|1627242138
|switch|p1a: Pawniard|Pawniard, L5, F|100/100
|-damage|p1a: Pawniard|96/100|[from] Stealth Rock
|turn|29
|
|t:|1627242145
|switch|p2a: Paras|Paras, L5, M|87/100
|move|p1a: Pawniard|Sucker Punch||[still]
|-fail|p1a: Pawniard
|
|upkeep
|turn|30
|
|t:|1627242153
|move|p1a: Pawniard|Swords Dance|p1a: Pawniard
|-boost|p1a: Pawniard|atk|2
|move|p2a: Paras|X-Scissor|p1a: Pawniard
|-damage|p1a: Pawniard|62/100
|
|upkeep
|turn|31
|
|t:|1627242163
|move|p1a: Pawniard|Swords Dance|p1a: Pawniard
|-boost|p1a: Pawniard|atk|2
|move|p2a: Paras|X-Scissor|p1a: Pawniard
|-damage|p1a: Pawniard|29/100
|
|upkeep
|turn|32
|
|t:|1627242170
|move|p1a: Pawniard|Iron Head|p2a: Paras
|-crit|p2a: Paras
|-damage|p2a: Paras|0 fnt
|-status|p1a: Pawniard|par|[from] ability: Effect Spore|[of] p2a: Paras
|faint|p2a: Paras
|
|upkeep
|
|t:|1627242192
|switch|p2a: Piplup|Piplup, L5, M|60/100
|turn|33
|
|t:|1627242197
|move|p1a: Pawniard|Sucker Punch|p2a: Piplup
|-damage|p2a: Piplup|0 fnt
|faint|p2a: Piplup
|
|upkeep
|
|t:|1627242214
|switch|p2a: Elgyem|Elgyem, L5, M|59/100 brn
|turn|34
|
|t:|1627242217
|move|p2a: Elgyem|Recover|p2a: Elgyem
|-heal|p2a: Elgyem|100/100 brn
|cant|p1a: Pawniard|par
|
|-damage|p2a: Elgyem|88/100 brn|[from] brn
|upkeep
|turn|35
|
|t:|1627242223
|move|p2a: Elgyem|Dark Pulse|p1a: Pawniard
|-resisted|p1a: Pawniard
|-damage|p1a: Pawniard|24/100 par
|move|p1a: Pawniard|Iron Head|p2a: Elgyem
|-damage|p2a: Elgyem|0 fnt
|faint|p2a: Elgyem
|
|upkeep
|
|t:|1627242231
|switch|p2a: Anorith|Anorith, L5, F|29/100
|turn|36
|
|t:|1627242236
|move|p2a: Anorith|Rock Slide|p1a: Pawniard
|-resisted|p1a: Pawniard
|-crit|p1a: Pawniard
|-damage|p1a: Pawniard|0 fnt
|faint|p1a: Pawniard
|
|upkeep
|
|t:|1627242247
|switch|p1a: Turtwig|Turtwig, L5, F|100/100
|-damage|p1a: Turtwig|88/100|[from] Stealth Rock
|turn|37
|
|t:|1627242255
|move|p2a: Anorith|Rock Slide|p1a: Turtwig
|-damage|p1a: Turtwig|36/100
|move|p1a: Turtwig|Stealth Rock|p2a: Anorith
|-sidestart|p2: RogerBuster|move: Stealth Rock
|
|upkeep
|turn|38
|
|t:|1627242265
|move|p2a: Anorith|Rock Slide|p1a: Turtwig
|-damage|p1a: Turtwig|0 fnt
|faint|p1a: Turtwig
|
|upkeep
|
|t:|1627242269
|switch|p1a: Mienfoo|Mienfoo, L5, M|100/100
|-damage|p1a: Mienfoo|96/100|[from] Stealth Rock
|turn|39
|
|t:|1627242291
|move|p2a: Anorith|Knock Off|p1a: Mienfoo
|-resisted|p1a: Mienfoo
|-damage|p1a: Mienfoo|92/100
|-enditem|p1a: Mienfoo|Eviolite|[from] move: Knock Off|[of] p2a: Anorith
|move|p1a: Mienfoo|Drain Punch|p2a: Anorith
|-damage|p2a: Anorith|0 fnt
|-heal|p1a: Mienfoo|100/100|[from] drain|[of] p2a: Anorith
|faint|p2a: Anorith
|
|upkeep
|
|t:|1627242301
|switch|p2a: Cyndaquil|Cyndaquil, L5, M|100/100
|-damage|p2a: Cyndaquil|77/100|[from] Stealth Rock
|turn|40
|
|t:|1627242310
|move|p2a: Cyndaquil|Fire Blast|p1a: Mienfoo
|-crit|p1a: Mienfoo
|-damage|p1a: Mienfoo|0 fnt
|faint|p1a: Mienfoo
|
|upkeep
|
|t:|1627242314
|switch|p1a: Munchlax|Munchlax, L5, M|100/100
|-damage|p1a: Munchlax|90/100|[from] Stealth Rock
|turn|41
|
|t:|1627242318
|move|p2a: Cyndaquil|Fire Blast|p1a: Munchlax
|-damage|p1a: Munchlax|77/100
|move|p1a: Munchlax|Earthquake|p2a: Cyndaquil
|-supereffective|p2a: Cyndaquil
|-damage|p2a: Cyndaquil|0 fnt
|faint|p2a: Cyndaquil
|
|win|Ash cuda
|c|☆RogerBuster|gg
