|j|☆Sensualiti
|j|☆Lyssandrox 112
|t:|1621915649
|gametype|singles
|player|p1|Sensualiti|n|
|player|p2|Lyssandrox 112|saturn|
|teamsize|p1|6
|teamsize|p2|6
|gen|5
|tier|[Gen 5] LC
|rule|Species Clause: Limit one of each Pokémon
|rule|OHKO Clause: OHKO moves are banned
|rule|Moody Clause: Moody is banned
|rule|Evasion Moves Clause: Evasion moves are banned
|rule|Endless Battle Clause: Forcing endless battles is banned
|rule|HP Percentage Mod: HP is shown in percentages
|rule|Sleep Clause: Sleep-inducing moves are banned
|clearpoke
|poke|p1|Abra, L5, F|item
|poke|p1|Sandile, L5, M|item
|poke|p1|Axew, L5, M|item
|poke|p1|Aipom, L5, F|item
|poke|p1|Archen, L5, M|item
|poke|p1|Beldum, L5|item
|poke|p2|Munchlax, L5, M|item
|poke|p2|Abra, L5, F|item
|poke|p2|Axew, L5, M|item
|poke|p2|Litwick, L5, M|item
|poke|p2|Chinchou, L5, F|item
|poke|p2|Ferroseed, L5, M|item
|teampreview
|
|t:|1621915680
|start
|switch|p1a: Aipom|Aipom, L5, F|100/100
|switch|p2a: Chinchou|Chinchou, L5, F|100/100
|turn|1
|
|t:|1621915688
|switch|p2a: Ferroseed|Ferroseed, L5, M|100/100
|move|p1a: Aipom|Knock Off|p2a: Ferroseed
|-resisted|p2a: Ferroseed
|-damage|p2a: Ferroseed|95/100
|-damage|p1a: Aipom|92/100|[from] ability: Iron Barbs|[of] p2a: Ferroseed
|-enditem|p2a: Ferroseed|Leftovers|[from] move: Knock Off|[of] p1a: Aipom
|
|upkeep
|turn|2
|
|t:|1621915701
|move|p1a: Aipom|U-turn|p2a: Ferroseed
|-damage|p2a: Ferroseed|70/100
|-damage|p1a: Aipom|83/100|[from] ability: Iron Barbs|[of] p2a: Ferroseed
|j| Rektrainer
|
|t:|1621915721
|switch|p1a: Sandile|Sandile, L5, M|100/100|[from]move: U-turn
|-ability|p1a: Sandile|Intimidate|boost
|-unboost|p2a: Ferroseed|atk|1
|move|p2a: Ferroseed|Leech Seed|p1a: Sandile
|-start|p1a: Sandile|move: Leech Seed
|
|-damage|p1a: Sandile|91/100|[from] Leech Seed|[of] p2a: Ferroseed
|-heal|p2a: Ferroseed|80/100|[silent]
|upkeep
|turn|3
|
|t:|1621915732
|switch|p2a: Litwick|Litwick, L5, M|100/100
|-item|p2a: Litwick|Air Balloon
|move|p1a: Sandile|Fire Fang|p2a: Litwick
|-resisted|p2a: Litwick
|-damage|p2a: Litwick|86/100
|-enditem|p2a: Litwick|Air Balloon
|
|-damage|p1a: Sandile|82/100|[from] Leech Seed|[of] p2a: Litwick
|-heal|p2a: Litwick|96/100|[silent]
|upkeep
|turn|4
|
|t:|1621915747
|switch|p1a: Aipom|Aipom, L5, F|83/100
|move|p2a: Litwick|Flamethrower|p1a: Aipom
|-damage|p1a: Aipom|18/100
|
|upkeep
|turn|5
|
|t:|1621915763
|move|p1a: Aipom|Knock Off|p2a: Litwick
|-supereffective|p2a: Litwick
|-damage|p2a: Litwick|62/100
|move|p2a: Litwick|Flamethrower|p1a: Aipom
|-damage|p1a: Aipom|0 fnt
|faint|p1a: Aipom
|
|upkeep
|
|t:|1621915770
|switch|p1a: Archen|Archen, L5, M|100/100
|turn|6
|
|t:|1621915782
|switch|p2a: Chinchou|Chinchou, L5, F|100/100
|move|p1a: Archen|Earthquake|p2a: Chinchou
|-supereffective|p2a: Chinchou
|-damage|p2a: Chinchou|0 fnt
|faint|p2a: Chinchou
|
|upkeep
|
|t:|1621915789
|switch|p2a: Ferroseed|Ferroseed, L5, M|80/100
|turn|7
|
|t:|1621915793
|move|p1a: Archen|Earthquake|p2a: Ferroseed
|-damage|p2a: Ferroseed|15/100
|move|p2a: Ferroseed|Gyro Ball|p1a: Archen
|-supereffective|p1a: Archen
|-damage|p1a: Archen|0 fnt
|faint|p1a: Archen
|
|upkeep
|
|t:|1621915822
|switch|p1a: Sandile|Sandile, L5, M|82/100
|-ability|p1a: Sandile|Intimidate|boost
|-unboost|p2a: Ferroseed|atk|1
|turn|8
|
|t:|1621915831
|move|p1a: Sandile|Earthquake|p2a: Ferroseed
|-damage|p2a: Ferroseed|0 fnt
|faint|p2a: Ferroseed
|
|upkeep
|
|t:|1621915836
|switch|p2a: Axew|Axew, L5, M|100/100
|-ability|p2a: Axew|Mold Breaker
|turn|9
|
|t:|1621915841
|move|p1a: Sandile|Earthquake|p2a: Axew
|-damage|p2a: Axew|24/100
|move|p2a: Axew|Aqua Tail|p1a: Sandile
|-supereffective|p1a: Sandile
|-damage|p1a: Sandile|0 fnt
|faint|p1a: Sandile
|
|upkeep
|
|t:|1621915854
|switch|p1a: Beldum|Beldum, L5|100/100
|turn|10
|
|t:|1621915861
|switch|p2a: Litwick|Litwick, L5, M|62/100
|move|p1a: Beldum|Zen Headbutt|p2a: Litwick
|-damage|p2a: Litwick|5/100
|-status|p1a: Beldum|brn|[from] ability: Flame Body|[of] p2a: Litwick
|
|-damage|p1a: Beldum|90/100 brn|[from] brn
|upkeep
|turn|11
|
|t:|1621915871
|move|p1a: Beldum|Zen Headbutt|p2a: Litwick
|-damage|p2a: Litwick|0 fnt
|faint|p2a: Litwick
|
|-damage|p1a: Beldum|80/100 brn|[from] brn
|upkeep
|
|t:|1621915877
|switch|p2a: Abra|Abra, L5, F|100/100
|turn|12
|
|t:|1621915880
|move|p2a: Abra|Calm Mind|p2a: Abra
|-boost|p2a: Abra|spa|1
|-boost|p2a: Abra|spd|1
|move|p1a: Beldum|Zen Headbutt|p2a: Abra
|-resisted|p2a: Abra
|-damage|p2a: Abra|85/100
|
|-damage|p1a: Beldum|70/100 brn|[from] brn
|upkeep
|turn|13
|
|t:|1621915889
|switch|p1a: Abra|Abra, L5, F|100/100
|move|p2a: Abra|Calm Mind|p2a: Abra
|-boost|p2a: Abra|spa|1
|-boost|p2a: Abra|spd|1
|
|upkeep
|turn|14
|
|t:|1621915896
|move|p1a: Abra|Shadow Ball|p2a: Abra
|-supereffective|p2a: Abra
|-damage|p2a: Abra|32/100
|move|p2a: Abra|Shadow Ball|p1a: Abra
|-supereffective|p1a: Abra
|-crit|p1a: Abra
|-damage|p1a: Abra|0 fnt
|faint|p1a: Abra
|
|upkeep
|
|t:|1621915903
|switch|p1a: Axew|Axew, L5, M|100/100
|turn|15
|
|t:|1621915907
|move|p2a: Abra|Psychic|p1a: Axew
|-enditem|p1a: Axew|Focus Sash
|-damage|p1a: Axew|5/100
|move|p1a: Axew|Outrage|p2a: Abra
|-damage|p2a: Abra|0 fnt
|faint|p2a: Abra
|
|upkeep
|
|t:|1621915920
|switch|p2a: Munchlax|Munchlax, L5, M|100/100
|turn|16
|
|t:|1621915923
|move|p1a: Axew|Outrage|p2a: Munchlax|[from]lockedmove
|-damage|p2a: Munchlax|40/100
|move|p2a: Munchlax|Facade|p1a: Axew
|-damage|p1a: Axew|0 fnt
|faint|p1a: Axew
|
|upkeep
|
|t:|1621915929
|switch|p1a: Beldum|Beldum, L5|70/100 brn
|turn|17
|
|t:|1621915933
|move|p1a: Beldum|Zen Headbutt|p2a: Munchlax|[miss]
|-miss|p1a: Beldum|p2a: Munchlax
|move|p2a: Munchlax|Rest|p2a: Munchlax
|-status|p2a: Munchlax|slp|[from] move: Rest
|-heal|p2a: Munchlax|100/100 slp|[silent]
|
|-damage|p1a: Beldum|60/100 brn|[from] brn
|upkeep
|turn|18
|
|t:|1621915942
|move|p1a: Beldum|Zen Headbutt|p2a: Munchlax
|-damage|p2a: Munchlax|90/100 slp
|cant|p2a: Munchlax|slp
|cant|p2a: Munchlax|flinch
|
|-damage|p1a: Beldum|50/100 brn|[from] brn
|upkeep
|turn|19
|
|t:|1621915951
|move|p1a: Beldum|Zen Headbutt|p2a: Munchlax|[miss]
|-miss|p1a: Beldum|p2a: Munchlax
|cant|p2a: Munchlax|slp
|move|p2a: Munchlax|Sleep Talk|p2a: Munchlax
|move|p2a: Munchlax|Rest||[from]move: Sleep Talk|[still]
|-fail|p2a: Munchlax
|
|-damage|p1a: Beldum|40/100 brn|[from] brn
|upkeep
|turn|20
|
|t:|1621915961
|move|p1a: Beldum|Zen Headbutt|p2a: Munchlax
|-damage|p2a: Munchlax|80/100 slp
|-curestatus|p2a: Munchlax|slp|[msg]
|move|p2a: Munchlax|Earthquake|p1a: Beldum
|-supereffective|p1a: Beldum
|-damage|p1a: Beldum|0 fnt
|faint|p1a: Beldum
|
|win|Lyssandrox 112
