|j|☆Oathkeepre
|j|☆AnnaMyers
|t:|1633198915
|gametype|singles
|player|p1|Oathkeepre|acetrainer-gen2|
|player|p2|AnnaMyers|cynthia|
|teamsize|p1|6
|teamsize|p2|6
|gen|5
|tier|[Gen 5] NU
|rule|Species Clause: Limit one of each Pokémon
|rule|OHKO Clause: OHKO moves are banned
|rule|Moody Clause: Moody is banned
|rule|Evasion Moves Clause: Evasion moves are banned
|rule|Endless Battle Clause: Forcing endless battles is banned
|rule|HP Percentage Mod: HP is shown in percentages
|rule|Evasion Abilities Clause: Evasion abilities are banned
|rule|Baton Pass Clause: Limit one Baton Passer, can't pass Spe and other stats simultaneously
|rule|Swagger Clause: Swagger is banned
|rule|Sleep Clause Mod: Limit one foe put to sleep
|clearpoke
|poke|p1|Sawk, M|item
|poke|p1|Skuntank, M|item
|poke|p1|Ludicolo, M|item
|poke|p1|Regirock|item
|poke|p1|Musharna, M|item
|poke|p1|Haunter, M|item
|poke|p2|Gardevoir, F|item
|poke|p2|Garbodor, M|item
|poke|p2|Gurdurr, M|item
|poke|p2|Skuntank, M|item
|poke|p2|Regirock|item
|poke|p2|Rotom-Frost|item
|teampreview
|c|☆AnnaMyers|gl hf
|c|☆Oathkeepre|u2
|
|t:|1633198938
|start
|switch|p1a: Sawk|Sawk, M|100/100
|switch|p2a: Regirock|Regirock|100/100
|-ability|p1a: Sawk|Mold Breaker
|turn|1
|
|t:|1633198956
|move|p1a: Sawk|Earthquake|p2a: Regirock
|-supereffective|p2a: Regirock
|-damage|p2a: Regirock|45/100
|move|p2a: Regirock|Thunder Wave|p1a: Sawk
|-status|p1a: Sawk|par
|
|upkeep
|turn|2
|j| mushamu
|l| mushamu
|
|t:|1633198969
|move|p2a: Regirock|Stealth Rock|p1a: Sawk
|-sidestart|p1: Oathkeepre|move: Stealth Rock
|cant|p1a: Sawk|par
|
|upkeep
|turn|3
|
|t:|1633198994
|switch|p2a: Rotom|Rotom-Frost|100/100
|cant|p1a: Sawk|par
|
|upkeep
|turn|4
|c|☆Oathkeepre|this game really doesn't like me
|c|☆Oathkeepre|as shown here
|c|☆AnnaMyers|this is pretty rough
|
|t:|1633199027
|move|p2a: Rotom|Trick|p1a: Sawk
|-activate|p2a: Rotom|move: Trick|[of] p1a: Sawk
|-item|p1a: Sawk|Choice Scarf|[from] move: Trick
|-item|p2a: Rotom|Choice Band|[from] move: Trick
|move|p1a: Sawk|Earthquake|p2a: Rotom
|-supereffective|p2a: Rotom
|-damage|p2a: Rotom|3/100
|
|upkeep
|turn|5
|
|t:|1633199054
|move|p2a: Rotom|Volt Switch|p1a: Sawk
|-damage|p1a: Sawk|56/100 par
|
|t:|1633199059
|switch|p2a: Gurdurr|Gurdurr, M|100/100|[from]move: Volt Switch
|cant|p1a: Sawk|par
|
|upkeep
|turn|6
|c|☆Oathkeepre|oml
|c|☆Oathkeepre|i'm really tempted to just quit
|c|☆Oathkeepre|this is not fair at all lol
|
|t:|1633199088
|switch|p1a: Musharna|Musharna, M|100/100
|-damage|p1a: Musharna|88/100|[from] Stealth Rock
|move|p2a: Gurdurr|Bulk Up|p2a: Gurdurr
|-boost|p2a: Gurdurr|atk|1
|-boost|p2a: Gurdurr|def|1
|
|-heal|p1a: Musharna|94/100|[from] item: Leftovers
|upkeep
|turn|7
|c|☆AnnaMyers|Sry
|c|☆Oathkeepre|again
|c|☆Oathkeepre|not your fault
|c|☆Oathkeepre|it's mine
|
|t:|1633199112
|move|p2a: Gurdurr|Payback|p1a: Musharna
|-supereffective|p1a: Musharna
|-crit|p1a: Musharna
|-damage|p1a: Musharna|31/100
|move|p1a: Musharna|Yawn|p2a: Gurdurr
|-start|p2a: Gurdurr|move: Yawn|[of] p1a: Musharna
|
|-heal|p1a: Musharna|38/100|[from] item: Leftovers
|upkeep
|turn|8
|c|☆Oathkeepre|for expecting good things to happen
|
|t:|1633199128
|switch|p2a: Skuntank|Skuntank, M|100/100
|move|p1a: Musharna|Moonlight|p1a: Musharna
|-heal|p1a: Musharna|88/100
|
|-heal|p1a: Musharna|94/100|[from] item: Leftovers
|upkeep
|turn|9
|
|t:|1633199140
|switch|p1a: Regirock|Regirock|100/100
|-damage|p1a: Regirock|88/100|[from] Stealth Rock
|move|p2a: Skuntank|Taunt|p1a: Regirock
|-start|p1a: Regirock|move: Taunt
|
|-heal|p1a: Regirock|94/100|[from] item: Leftovers
|upkeep
|turn|10
|
|t:|1633199164
|switch|p2a: Rotom|Rotom-Frost|3/100
|switch|p1a: Musharna|Musharna, M|94/100
|-damage|p1a: Musharna|81/100|[from] Stealth Rock
|
|-heal|p1a: Musharna|88/100|[from] item: Leftovers
|upkeep
|turn|11
|
|t:|1633199179
|move|p2a: Rotom|Thunderbolt|p1a: Musharna
|-crit|p1a: Musharna
|-damage|p1a: Musharna|22/100
|move|p1a: Musharna|Baton Pass|p1a: Musharna
|c|☆Oathkeepre|ok
|
|t:|1633199195
|switch|p1a: Haunter|Haunter, M|100/100|[from]move: Baton Pass
|-damage|p1a: Haunter|88/100|[from] Stealth Rock
|
|upkeep
|turn|12
|
|t:|1633199218
|switch|p1a: Musharna|Musharna, M|22/100
|-damage|p1a: Musharna|10/100|[from] Stealth Rock
|move|p2a: Rotom|Thunderbolt|p1a: Musharna
|-crit|p1a: Musharna
|-damage|p1a: Musharna|0 fnt
|faint|p1a: Musharna
|
|upkeep
|
|t:|1633199225
|switch|p1a: Regirock|Regirock|94/100
|-damage|p1a: Regirock|82/100|[from] Stealth Rock
|turn|13
|
|t:|1633199233
|move|p2a: Rotom|Thunderbolt|p1a: Regirock
|-damage|p1a: Regirock|38/100
|move|p1a: Regirock|Drain Punch|p2a: Rotom
|-supereffective|p2a: Rotom
|-crit|p2a: Rotom
|-damage|p2a: Rotom|0 fnt
|-heal|p1a: Regirock|39/100|[from] drain|[of] p2a: Rotom
|faint|p2a: Rotom
|
|-heal|p1a: Regirock|45/100|[from] item: Leftovers
|upkeep
|c|☆Oathkeepre|it's almost as if
|c|☆Oathkeepre|something's trying to tell me smth
|c|☆Oathkeepre|idk
|c|☆Oathkeepre|been getting really unlucky in these tour games
|
|t:|1633199275
|switch|p2a: Gurdurr|Gurdurr, M|100/100
|turn|14
|
|t:|1633199293
|move|p1a: Regirock|Thunder Wave|p2a: Gurdurr
|-status|p2a: Gurdurr|par
|move|p2a: Gurdurr|Bulk Up|p2a: Gurdurr
|-boost|p2a: Gurdurr|atk|1
|-boost|p2a: Gurdurr|def|1
|
|-heal|p1a: Regirock|51/100|[from] item: Leftovers
|upkeep
|turn|15
|
|t:|1633199313
|switch|p1a: Sawk|Sawk, M|56/100 par
|-damage|p1a: Sawk|50/100 par|[from] Stealth Rock
|-ability|p1a: Sawk|Mold Breaker
|move|p2a: Gurdurr|Mach Punch|p1a: Sawk
|-damage|p1a: Sawk|0 fnt
|faint|p1a: Sawk
|
|upkeep
|
|t:|1633199321
|switch|p1a: Ludicolo|Ludicolo, M, shiny|100/100
|-damage|p1a: Ludicolo|88/100|[from] Stealth Rock
|turn|16
|
|t:|1633199334
|move|p1a: Ludicolo|Rain Dance|p1a: Ludicolo
|-weather|RainDance
|move|p2a: Gurdurr|Drain Punch|p1a: Ludicolo
|-damage|p1a: Ludicolo|0 fnt
|faint|p1a: Ludicolo
|
|-weather|RainDance|[upkeep]
|upkeep
|c|☆Oathkeepre|yeah, i'm garbage
|-message|Oathkeepre forfeited.
|
|win|AnnaMyers
|l|☆Oathkeepre
|c|☆AnnaMyers|RNG can be unforgiving at times
