|j|☆tank skunk
|j|☆Pipoopip
|t:|1641585662
|gametype|singles
|player|p1|tank skunk|pokefan|1056
|player|p2|Pipoopip|brock|1050
|teamsize|p1|6
|teamsize|p2|6
|gen|5
|tier|[Gen 5] NU
|rated|
|rule|Species Clause: Limit one of each Pokémon
|rule|OHKO Clause: OHKO moves are banned
|rule|Moody Clause: Moody is banned
|rule|Evasion Moves Clause: Evasion moves are banned
|rule|Endless Battle Clause: Forcing endless battles is banned
|rule|HP Percentage Mod: HP is shown in percentages
|rule|Evasion Abilities Clause: Evasion abilities are banned
|rule|Swagger Clause: Swagger is banned
|rule|Baton Pass Clause: Limit one Baton Passer, can't pass Spe and other stats simultaneously
|rule|Sleep Clause Mod: Limit one foe put to sleep
|clearpoke
|poke|p1|Lampent, F|item
|poke|p1|Mantyke, F|item
|poke|p1|Tangela, M|item
|poke|p1|Skuntank, F|item
|poke|p1|Mawile, F|item
|poke|p1|Probopass, M|item
|poke|p2|Golem, M|item
|poke|p2|Musharna, F|item
|poke|p2|Swellow, F|item
|poke|p2|Gurdurr, M|item
|poke|p2|Alomomola, F|item
|poke|p2|Ludicolo, M|item
|teampreview
|inactive|Battle timer is ON: inactive players will automatically lose when time's up. (requested by tank skunk)
|inactive|Pipoopip has 120 seconds left.
|
|t:|1641585700
|start
|switch|p1a: Spaghetti|Tangela, M|100/100
|switch|p2a: Golem|Golem, M|100/100
|turn|1
|
|t:|1641585706
|move|p1a: Spaghetti|Giga Drain|p2a: Golem
|-supereffective|p2a: Golem
|-ability|p2a: Golem|Sturdy
|-damage|p2a: Golem|1/100
|move|p2a: Golem|Stealth Rock|p1a: Spaghetti
|-sidestart|p1: tank skunk|move: Stealth Rock
|
|upkeep
|turn|2
|-enditem|p2a: Golem|Custap Berry|[eat]
|-activate|p2a: Golem|item: Custap Berry|[consumed]
|
|t:|1641585712
|switch|p1a: I <3 Lamp|Lampent, F, shiny|100/100
|-damage|p1a: I <3 Lamp|76/100|[from] Stealth Rock
|move|p2a: Golem|Explosion|p1a: I <3 Lamp
|-immune|p1a: I <3 Lamp
|faint|p2a: Golem
|
|upkeep
|
|t:|1641585721
|switch|p2a: Ludicolo|Ludicolo, M|100/100
|turn|3
|
|t:|1641585727
|switch|p1a: WaterWings|Mantyke, F|100/100
|-damage|p1a: WaterWings|76/100|[from] Stealth Rock
|move|p2a: Ludicolo|Rain Dance|p2a: Ludicolo
|-weather|RainDance
|
|-weather|RainDance|[upkeep]
|upkeep
|turn|4
|
|t:|1641585733
|move|p2a: Ludicolo|Giga Drain|p1a: WaterWings
|-damage|p1a: WaterWings|52/100
|-damage|p2a: Ludicolo|91/100|[from] item: Life Orb
|move|p1a: WaterWings|Toxic|p2a: Ludicolo
|-status|p2a: Ludicolo|tox
|
|-weather|RainDance|[upkeep]
|-damage|p2a: Ludicolo|85/100 tox|[from] psn
|upkeep
|turn|5
|
|t:|1641585740
|switch|p2a: Musharna|Musharna, F|100/100
|move|p1a: WaterWings|Rest|p1a: WaterWings
|-status|p1a: WaterWings|slp|[from] move: Rest
|-heal|p1a: WaterWings|100/100 slp|[silent]
|
|-weather|RainDance|[upkeep]
|upkeep
|turn|6
|
|t:|1641585749
|switch|p1a: Tank Skunk|Skuntank, F, shiny|100/100
|-damage|p1a: Tank Skunk|88/100|[from] Stealth Rock
|move|p2a: Musharna|Heal Bell|p2a: Musharna
|-activate|p2a: Musharna|move: Heal Bell
|-curestatus|p2: Ludicolo|tox|[msg]
|
|-weather|RainDance|[upkeep]
|-heal|p1a: Tank Skunk|94/100|[from] item: Black Sludge
|upkeep
|turn|7
|
|t:|1641585760
|-activate|p2a: Musharna|move: Pursuit
|move|p1a: Tank Skunk|Pursuit|p2a: Musharna|[from]Pursuit
|-supereffective|p2a: Musharna
|-crit|p2a: Musharna
|-damage|p2a: Musharna|15/100
|switch|p2a: Alomomola|Alomomola, F|100/100
|
|-weather|none
|-heal|p1a: Tank Skunk|100/100|[from] item: Black Sludge
|upkeep
|turn|8
|
|t:|1641585766
|move|p1a: Tank Skunk|Taunt|p2a: Alomomola
|-start|p2a: Alomomola|move: Taunt
|cant|p2a: Alomomola|move: Taunt|Wish
|
|upkeep
|turn|9
|
|t:|1641585775
|switch|p1a: Spaghetti|Tangela, M|100/100
|-damage|p1a: Spaghetti|88/100|[from] Stealth Rock
|move|p2a: Alomomola|Scald|p1a: Spaghetti
|-resisted|p1a: Spaghetti
|-damage|p1a: Spaghetti|78/100
|
|upkeep
|turn|10
|
|t:|1641585784
|switch|p2a: Swellow|Swellow, F|100/100
|move|p1a: Spaghetti|Giga Drain|p2a: Swellow
|-resisted|p2a: Swellow
|-damage|p2a: Swellow|61/100
|-heal|p1a: Spaghetti|94/100|[from] drain|[of] p2a: Swellow
|
|-status|p2a: Swellow|brn|[from] item: Flame Orb
|upkeep
|turn|11
|
|t:|1641585789
|switch|p1a: Yandere|Mawile, F|100/100
|-damage|p1a: Yandere|94/100|[from] Stealth Rock
|-ability|p1a: Yandere|Intimidate|boost
|-unboost|p2a: Swellow|atk|1
|-item|p1a: Yandere|Air Balloon
|move|p2a: Swellow|U-turn|p1a: Yandere
|-resisted|p1a: Yandere
|-damage|p1a: Yandere|86/100
|-enditem|p1a: Yandere|Air Balloon
|
|t:|1641585793
|switch|p2a: Gurdurr|Gurdurr, M|100/100|[from]move: U-turn
|
|upkeep
|turn|12
|
|t:|1641585809
|switch|p1a: I <3 Lamp|Lampent, F, shiny|76/100
|-damage|p1a: I <3 Lamp|51/100|[from] Stealth Rock
|switch|p2a: Swellow|Swellow, F|61/100 brn
|
|-damage|p2a: Swellow|49/100 brn|[from] brn
|upkeep
|turn|13
|
|t:|1641585817
|switch|p1a: Jbag|Probopass, M|100/100
|-damage|p1a: Jbag|95/100|[from] Stealth Rock
|move|p2a: Swellow|Brave Bird|p1a: Jbag
|-resisted|p1a: Jbag
|-damage|p1a: Jbag|79/100
|-damage|p2a: Swellow|43/100 brn|[from] Recoil
|
|-heal|p1a: Jbag|85/100|[from] item: Leftovers
|-damage|p2a: Swellow|31/100 brn|[from] brn
|upkeep
|turn|14
|
|t:|1641585823
|move|p2a: Swellow|U-turn|p1a: Jbag
|-resisted|p1a: Jbag
|-damage|p1a: Jbag|73/100
|
|t:|1641585827
|switch|p2a: Alomomola|Alomomola, F|100/100|[from]move: U-turn
|move|p1a: Jbag|Stealth Rock|p2a: Alomomola
|-sidestart|p2: Pipoopip|move: Stealth Rock
|
|-heal|p1a: Jbag|79/100|[from] item: Leftovers
|upkeep
|turn|15
|
|t:|1641585831
|move|p2a: Alomomola|Wish|p2a: Alomomola
|move|p1a: Jbag|Volt Switch|p2a: Alomomola
|-supereffective|p2a: Alomomola
|-damage|p2a: Alomomola|57/100
|
|t:|1641585848
|switch|p1a: Spaghetti|Tangela, M|100/100|[from]move: Volt Switch
|-damage|p1a: Spaghetti|88/100|[from] Stealth Rock
|
|-heal|p2a: Alomomola|63/100|[from] item: Leftovers
|upkeep
|turn|16
|
|t:|1641585868
|switch|p2a: Ludicolo|Ludicolo, M|85/100
|-damage|p2a: Ludicolo|72/100|[from] Stealth Rock
|move|p1a: Spaghetti|Giga Drain|p2a: Ludicolo
|-damage|p2a: Ludicolo|29/100
|-heal|p1a: Spaghetti|100/100|[from] drain|[of] p2a: Ludicolo
|
|-heal|p2a: Ludicolo|100/100|[from] move: Wish|[wisher] Alomomola
|upkeep
|turn|17
|
|t:|1641585882
|move|p2a: Ludicolo|Hydro Pump|p1a: Spaghetti
|-resisted|p1a: Spaghetti
|-damage|p1a: Spaghetti|54/100
|-damage|p2a: Ludicolo|91/100|[from] item: Life Orb
|move|p1a: Spaghetti|Sleep Powder|p2a: Ludicolo
|-status|p2a: Ludicolo|slp|[from] move: Sleep Powder
|
|upkeep
|turn|18
|
|t:|1641585888
|cant|p2a: Ludicolo|slp
|move|p1a: Spaghetti|Giga Drain|p2a: Ludicolo
|-damage|p2a: Ludicolo|50/100 slp
|-heal|p1a: Spaghetti|73/100|[from] drain|[of] p2a: Ludicolo
|
|upkeep
|turn|19
|
|t:|1641585893
|cant|p2a: Ludicolo|slp
|move|p1a: Spaghetti|Leaf Storm|p2a: Ludicolo
|-damage|p2a: Ludicolo|0 fnt
|-unboost|p1a: Spaghetti|spa|2
|faint|p2a: Ludicolo
|
|upkeep
|
|t:|1641585910
|switch|p2a: Gurdurr|Gurdurr, M|100/100
|-damage|p2a: Gurdurr|94/100|[from] Stealth Rock
|turn|20
|
|t:|1641585917
|switch|p1a: Yandere|Mawile, F|86/100
|-damage|p1a: Yandere|79/100|[from] Stealth Rock
|-ability|p1a: Yandere|Intimidate|boost
|-unboost|p2a: Gurdurr|atk|1
|move|p2a: Gurdurr|Bulk Up|p2a: Gurdurr
|-boost|p2a: Gurdurr|atk|1
|-boost|p2a: Gurdurr|def|1
|
|upkeep
|turn|21
|
|t:|1641585928
|move|p1a: Yandere|Baton Pass|p1a: Yandere
|
|t:|1641585937
|switch|p1a: Spaghetti|Tangela, M|100/100|[from]move: Baton Pass
|-damage|p1a: Spaghetti|88/100|[from] Stealth Rock
|move|p2a: Gurdurr|Drain Punch|p1a: Spaghetti
|-damage|p1a: Spaghetti|66/100
|-heal|p2a: Gurdurr|100/100|[from] drain|[of] p1a: Spaghetti
|
|upkeep
|turn|22
|
|t:|1641585947
|move|p1a: Spaghetti|Leaf Storm|p2a: Gurdurr
|-damage|p2a: Gurdurr|33/100
|-unboost|p1a: Spaghetti|spa|2
|move|p2a: Gurdurr|Ice Punch|p1a: Spaghetti
|-supereffective|p1a: Spaghetti
|-damage|p1a: Spaghetti|35/100
|
|upkeep
|turn|23
|
|t:|1641585950
|move|p1a: Spaghetti|Sleep Powder|p2a: Gurdurr
|-status|p2a: Gurdurr|slp|[from] move: Sleep Powder
|cant|p2a: Gurdurr|slp
|
|upkeep
|turn|24
|
|t:|1641585954
|switch|p1a: Yandere|Mawile, F|79/100
|-damage|p1a: Yandere|73/100|[from] Stealth Rock
|-ability|p1a: Yandere|Intimidate|boost
|-unboost|p2a: Gurdurr|atk|1
|cant|p2a: Gurdurr|slp
|
|upkeep
|turn|25
|
|t:|1641585961
|-curestatus|p2a: Gurdurr|slp|[msg]
|move|p2a: Gurdurr|Mach Punch|p1a: Yandere
|-supereffective|p1a: Yandere
|-damage|p1a: Yandere|47/100
|move|p1a: Yandere|Iron Head|p2a: Gurdurr
|-damage|p2a: Gurdurr|22/100
|
|upkeep
|turn|26
|
|t:|1641585969
|switch|p1a: I <3 Lamp|Lampent, F, shiny|51/100
|-damage|p1a: I <3 Lamp|26/100|[from] Stealth Rock
|move|p2a: Gurdurr|Drain Punch|p1a: I <3 Lamp
|-immune|p1a: I <3 Lamp
|
|upkeep
|turn|27
|
|t:|1641585976
|switch|p2a: Alomomola|Alomomola, F|96/100
|-damage|p2a: Alomomola|84/100|[from] Stealth Rock
|move|p1a: I <3 Lamp|Shadow Ball|p2a: Alomomola
|-damage|p2a: Alomomola|46/100
|
|-heal|p2a: Alomomola|52/100|[from] item: Leftovers
|upkeep
|turn|28
|
|t:|1641585991
|switch|p1a: Spaghetti|Tangela, M|69/100
|-damage|p1a: Spaghetti|56/100|[from] Stealth Rock
|move|p2a: Alomomola|Toxic|p1a: Spaghetti
|-status|p1a: Spaghetti|tox
|
|-heal|p2a: Alomomola|59/100|[from] item: Leftovers
|-damage|p1a: Spaghetti|50/100 tox|[from] psn
|upkeep
|turn|29
|
|t:|1641586000
|move|p2a: Alomomola|Protect|p2a: Alomomola
|-singleturn|p2a: Alomomola|Protect
|move|p1a: Spaghetti|Giga Drain|p2a: Alomomola
|-activate|p2a: Alomomola|move: Protect
|
|-heal|p2a: Alomomola|65/100|[from] item: Leftovers
|-damage|p1a: Spaghetti|39/100 tox|[from] psn
|upkeep
|turn|30
|
|t:|1641586006
|switch|p2a: Musharna|Musharna, F|15/100
|-damage|p2a: Musharna|2/100|[from] Stealth Rock
|move|p1a: Spaghetti|Giga Drain|p2a: Musharna
|-damage|p2a: Musharna|0 fnt
|-heal|p1a: Spaghetti|40/100 tox|[from] drain|[of] p2a: Musharna
|faint|p2a: Musharna
|
|-damage|p1a: Spaghetti|22/100 tox|[from] psn
|upkeep
|
|t:|1641586015
|switch|p2a: Alomomola|Alomomola, F|98/100
|-damage|p2a: Alomomola|86/100|[from] Stealth Rock
|turn|31
|
|t:|1641586022
|switch|p1a: Tank Skunk|Skuntank, F, shiny|100/100
|-damage|p1a: Tank Skunk|88/100|[from] Stealth Rock
|move|p2a: Alomomola|Wish|p2a: Alomomola
|
|-heal|p1a: Tank Skunk|94/100|[from] item: Black Sludge
|-heal|p2a: Alomomola|92/100|[from] item: Leftovers
|upkeep
|turn|32
|
|t:|1641586028
|move|p1a: Tank Skunk|Taunt|p2a: Alomomola
|-start|p2a: Alomomola|move: Taunt
|move|p2a: Alomomola|Scald|p1a: Tank Skunk
|-damage|p1a: Tank Skunk|76/100
|-status|p1a: Tank Skunk|brn
|
|-heal|p2a: Alomomola|100/100|[from] move: Wish|[wisher] Alomomola
|-heal|p1a: Tank Skunk|83/100 brn|[from] item: Black Sludge
|-damage|p1a: Tank Skunk|70/100 brn|[from] brn
|upkeep
|turn|33
|
|t:|1641586043
|switch|p1a: WaterWings|Mantyke, F|100/100 slp
|-damage|p1a: WaterWings|76/100 slp|[from] Stealth Rock
|move|p2a: Alomomola|Scald|p1a: WaterWings
|-heal|p1a: WaterWings|100/100 slp|[from] ability: Water Absorb|[of] p2a: Alomomola
|
|upkeep
|turn|34
|
|t:|1641586048
|switch|p2a: Swellow|Swellow, F|31/100 brn
|-damage|p2a: Swellow|6/100 brn|[from] Stealth Rock
|cant|p1a: WaterWings|slp
|move|p1a: WaterWings|Sleep Talk|p1a: WaterWings
|move|p1a: WaterWings|Toxic||[from]move: Sleep Talk|[still]
|-fail|p1a: WaterWings
|
|-damage|p2a: Swellow|0 fnt|[from] brn
|faint|p2a: Swellow
|upkeep
|
|t:|1641586049
|switch|p2a: Gurdurr|Gurdurr, M|22/100
|-damage|p2a: Gurdurr|16/100|[from] Stealth Rock
|turn|35
|
|t:|1641586064
|cant|p1a: WaterWings|slp
|move|p1a: WaterWings|Sleep Talk|p1a: WaterWings
|move|p1a: WaterWings|Rest||[from]move: Sleep Talk|[still]
|-fail|p1a: WaterWings
|move|p2a: Gurdurr|Drain Punch|p1a: WaterWings
|-resisted|p1a: WaterWings
|-crit|p1a: WaterWings
|-damage|p1a: WaterWings|65/100 slp
|-heal|p2a: Gurdurr|30/100|[from] drain|[of] p1a: WaterWings
|
|upkeep
|turn|36
|
|t:|1641586071
|-curestatus|p1a: WaterWings|slp|[msg]
|move|p1a: WaterWings|Scald|p2a: Gurdurr
|-damage|p2a: Gurdurr|10/100
|-status|p2a: Gurdurr|brn
|move|p2a: Gurdurr|Drain Punch|p1a: WaterWings
|-resisted|p1a: WaterWings
|-damage|p1a: WaterWings|36/100
|-heal|p2a: Gurdurr|21/100 brn|[from] drain|[of] p1a: WaterWings
|
|-damage|p2a: Gurdurr|9/100 brn|[from] brn
|upkeep
|turn|37
|-message|Pipoopip forfeited.
|
|win|tank skunk
|raw|tank skunk's rating: 1056 &rarr; <strong>1087</strong><br />(+31 for winning)
|raw|Pipoopip's rating: 1050 &rarr; <strong>1033</strong><br />(-17 for losing)
|l|☆Pipoopip
||Ladder isn't responding, score probably updated but might not have (Request timeout).
