|j|☆Zilla11
|j|☆Roxyraphi
|t:|1643917146
|gametype|singles
|player|p1|Zilla11|benga|
|player|p2|Roxyraphi|zinnia|
|teamsize|p1|6
|teamsize|p2|6
|gen|5
|tier|[Gen 5] OU
|rule|Species Clause: Limit one of each Pokémon
|rule|OHKO Clause: OHKO moves are banned
|rule|Moody Clause: Moody is banned
|rule|Evasion Moves Clause: Evasion moves are banned
|rule|Endless Battle Clause: Forcing endless battles is banned
|rule|HP Percentage Mod: HP is shown in percentages
|rule|Evasion Abilities Clause: Evasion abilities are banned
|rule|Sleep Clause: Sleep-inducing moves are banned
|rule|Swagger Clause: Swagger is banned
|clearpoke
|poke|p1|Hydreigon, M|item
|poke|p1|Kyurem|item
|poke|p1|Weavile, F|item
|poke|p1|Landorus-Therian, M|item
|poke|p1|Terrakion|item
|poke|p1|Dragonite, M|item
|poke|p2|Politoed, F|item
|poke|p2|Breloom, M|item
|poke|p2|Thundurus-Therian, M|item
|poke|p2|Keldeo|item
|poke|p2|Dragonite, M|item
|poke|p2|Excadrill, M|item
|teampreview
|
|t:|1643917164
|start
|switch|p1a: Beerus|Landorus-Therian, M|100/100
|switch|p2a: Rainhardt|Politoed, F, shiny|100/100
|-ability|p1a: Beerus|Intimidate|boost
|-unboost|p2a: Rainhardt|atk|1
|-weather|RainDance|[from] ability: Drizzle|[of] p2a: Rainhardt
|turn|1
|
|t:|1643917174
|move|p1a: Beerus|U-turn|p2a: Rainhardt
|-damage|p2a: Rainhardt|69/100
|
|t:|1643917181
|switch|p1a: x-Drake|Kyurem|100/100|[from]move: U-turn
|-ability|p1a: x-Drake|Pressure
|move|p2a: Rainhardt|Toxic|p1a: x-Drake
|-status|p1a: x-Drake|tox
|
|-weather|RainDance|[upkeep]
|-heal|p2a: Rainhardt|75/100|[from] item: Leftovers
|-damage|p1a: x-Drake|94/100 tox|[from] psn
|upkeep
|turn|2
|
|t:|1643917198
|move|p2a: Rainhardt|Protect|p2a: Rainhardt
|-singleturn|p2a: Rainhardt|Protect
|move|p1a: x-Drake|Focus Blast|p2a: Rainhardt
|-activate|p2a: Rainhardt|move: Protect
|
|-weather|RainDance|[upkeep]
|-heal|p2a: Rainhardt|82/100|[from] item: Leftovers
|-damage|p1a: x-Drake|82/100 tox|[from] psn
|upkeep
|turn|3
|
|t:|1643917220
|move|p1a: x-Drake|Focus Blast|p2a: Rainhardt|[miss]
|-miss|p1a: x-Drake|p2a: Rainhardt
|move|p2a: Rainhardt|Ice Beam|p1a: x-Drake
|-damage|p1a: x-Drake|65/100 tox
|
|-weather|RainDance|[upkeep]
|-heal|p2a: Rainhardt|88/100|[from] item: Leftovers
|-damage|p1a: x-Drake|46/100 tox|[from] psn
|upkeep
|turn|4
|
|t:|1643917238
|switch|p1a: Ben|Terrakion|100/100
|move|p2a: Rainhardt|Protect||[still]
|-fail|p2a: Rainhardt
|
|-weather|RainDance|[upkeep]
|-heal|p2a: Rainhardt|94/100|[from] item: Leftovers
|upkeep
|turn|5
|
|t:|1643917246
|move|p1a: Ben|Close Combat|p2a: Rainhardt
|-damage|p2a: Rainhardt|27/100
|-unboost|p1a: Ben|def|1
|-unboost|p1a: Ben|spd|1
|move|p2a: Rainhardt|Scald|p1a: Ben
|-supereffective|p1a: Ben
|-damage|p1a: Ben|0 fnt
|faint|p1a: Ben
|
|-weather|RainDance|[upkeep]
|-heal|p2a: Rainhardt|33/100|[from] item: Leftovers
|upkeep
|
|t:|1643917255
|switch|p1a: Beerus|Landorus-Therian, M|100/100
|-ability|p1a: Beerus|Intimidate|boost
|-unboost|p2a: Rainhardt|atk|1
|turn|6
|
|t:|1643917267
|move|p2a: Rainhardt|Protect|p2a: Rainhardt
|-singleturn|p2a: Rainhardt|Protect
|move|p1a: Beerus|Earthquake|p2a: Rainhardt
|-activate|p2a: Rainhardt|move: Protect
|
|-weather|RainDance|[upkeep]
|-heal|p2a: Rainhardt|40/100|[from] item: Leftovers
|upkeep
|turn|7
|
|t:|1643917279
|switch|p1a: Weavile|Weavile, F|100/100
|-ability|p1a: Weavile|Pressure
|switch|p2a: PIOU PIOU|Dragonite, M|100/100
|
|-weather|RainDance|[upkeep]
|upkeep
|turn|8
|
|t:|1643917323
|-activate|p2a: PIOU PIOU|move: Pursuit
|move|p1a: Weavile|Pursuit|p2a: PIOU PIOU|[from]Pursuit
|-damage|p2a: PIOU PIOU|70/100
|switch|p2a: Rainhardt|Politoed, F, shiny|40/100
|
|-weather|RainDance|[upkeep]
|-heal|p2a: Rainhardt|46/100|[from] item: Leftovers
|upkeep
|turn|9
|
|t:|1643917350
|switch|p1a: Ghidorah|Hydreigon, M|100/100
|move|p2a: Rainhardt|Scald|p1a: Ghidorah
|-resisted|p1a: Ghidorah
|-damage|p1a: Ghidorah|77/100
|
|-weather|RainDance|[upkeep]
|-heal|p2a: Rainhardt|52/100|[from] item: Leftovers
|upkeep
|turn|10
|
|t:|1643917365
|switch|p2a: Senor Pink|Excadrill, M, shiny|100/100
|-ability|p2a: Senor Pink|Mold Breaker
|move|p1a: Ghidorah|Draco Meteor|p2a: Senor Pink
|-resisted|p2a: Senor Pink
|-damage|p2a: Senor Pink|54/100
|-unboost|p1a: Ghidorah|spa|2
|
|-weather|RainDance|[upkeep]
|upkeep
|turn|11
|
|t:|1643917377
|switch|p1a: Beerus|Landorus-Therian, M|100/100
|-ability|p1a: Beerus|Intimidate|boost
|-unboost|p2a: Senor Pink|atk|1
|move|p2a: Senor Pink|Stealth Rock|p1a: Beerus
|-sidestart|p1: Zilla11|move: Stealth Rock
|
|-weather|RainDance|[upkeep]
|upkeep
|turn|12
|
|t:|1643917392
|move|p1a: Beerus|U-turn|p2a: Senor Pink
|-resisted|p2a: Senor Pink
|-damage|p2a: Senor Pink|36/100
|
|t:|1643917398
|switch|p1a: x-Drake|Kyurem|46/100 tox|[from]move: U-turn
|-damage|p1a: x-Drake|21/100 tox|[from] Stealth Rock
|-ability|p1a: x-Drake|Pressure
|move|p2a: Senor Pink|Iron Head|p1a: x-Drake
|-supereffective|p1a: x-Drake
|-crit|p1a: x-Drake
|-damage|p1a: x-Drake|0 fnt
|faint|p1a: x-Drake
|
|-weather|RainDance|[upkeep]
|upkeep
|
|t:|1643917405
|switch|p1a: Beerus|Landorus-Therian, M|100/100
|-damage|p1a: Beerus|88/100|[from] Stealth Rock
|-ability|p1a: Beerus|Intimidate|boost
|-unboost|p2a: Senor Pink|atk|1
|turn|13
|
|t:|1643917420
|switch|p2a: Ener|Thundurus-Therian, M|100/100
|move|p1a: Beerus|U-turn|p2a: Ener
|-resisted|p2a: Ener
|-damage|p2a: Ener|80/100
|
|t:|1643917443
|switch|p1a: Ghidorah|Hydreigon, M|77/100|[from]move: U-turn
|-damage|p1a: Ghidorah|65/100|[from] Stealth Rock
|
|-weather|RainDance|[upkeep]
|-heal|p2a: Ener|86/100|[from] item: Leftovers
|upkeep
|turn|14
|
|t:|1643917543
|move|p1a: Ghidorah|Draco Meteor|p2a: Ener
|-damage|p2a: Ener|0 fnt
|-unboost|p1a: Ghidorah|spa|2
|faint|p2a: Ener
|
|-weather|RainDance|[upkeep]
|upkeep
|
|t:|1643917554
|switch|p2a: Twilight|Keldeo|100/100
|turn|15
|
|t:|1643917631
|switch|p1a: Weavile|Weavile, F|100/100
|-damage|p1a: Weavile|76/100|[from] Stealth Rock
|-ability|p1a: Weavile|Pressure
|move|p2a: Twilight|Icy Wind|p1a: Weavile
|-resisted|p1a: Weavile
|-damage|p1a: Weavile|55/100
|-unboost|p1a: Weavile|spe|1
|
|-weather|RainDance|[upkeep]
|upkeep
|turn|16
|
|t:|1643917654
|move|p2a: Twilight|Icy Wind|p1a: Weavile
|-resisted|p1a: Weavile
|-damage|p1a: Weavile|34/100
|-unboost|p1a: Weavile|spe|1
|move|p1a: Weavile|Low Kick|p2a: Twilight
|-damage|p2a: Twilight|63/100
|
|-weather|RainDance|[upkeep]
|upkeep
|turn|17
|
|t:|1643917662
|switch|p2a: Rainhardt|Politoed, F, shiny|52/100
|move|p1a: Weavile|Low Kick|p2a: Rainhardt
|-damage|p2a: Rainhardt|19/100
|
|-weather|RainDance|[upkeep]
|-heal|p2a: Rainhardt|25/100|[from] item: Leftovers
|upkeep
|turn|18
|
|t:|1643917673
|move|p1a: Weavile|Low Kick|p2a: Rainhardt
|-damage|p2a: Rainhardt|0 fnt
|faint|p2a: Rainhardt
|
|-weather|RainDance|[upkeep]
|upkeep
|
|t:|1643917685
|switch|p2a: Toad|Breloom, M, shiny|100/100
|turn|19
|
|t:|1643917688
|move|p2a: Toad|Mach Punch|p1a: Weavile
|-supereffective|p1a: Weavile
|-damage|p1a: Weavile|0 fnt
|faint|p1a: Weavile
|
|-weather|RainDance|[upkeep]
|upkeep
|
|t:|1643917691
|switch|p1a: Beerus|Landorus-Therian, M|88/100
|-damage|p1a: Beerus|76/100|[from] Stealth Rock
|-ability|p1a: Beerus|Intimidate|boost
|-unboost|p2a: Toad|atk|1
|turn|20
|
|t:|1643917702
|switch|p2a: Senor Pink|Excadrill, M, shiny|36/100
|-ability|p2a: Senor Pink|Mold Breaker
|move|p1a: Beerus|U-turn|p2a: Senor Pink
|-resisted|p2a: Senor Pink
|-damage|p2a: Senor Pink|19/100
|
|t:|1643917711
|switch|p1a: Ghidorah|Hydreigon, M|65/100|[from]move: U-turn
|-damage|p1a: Ghidorah|52/100|[from] Stealth Rock
|
|-weather|RainDance|[upkeep]
|upkeep
|turn|21
|
|t:|1643917718
|move|p1a: Ghidorah|Earth Power|p2a: Senor Pink
|-supereffective|p2a: Senor Pink
|-damage|p2a: Senor Pink|0 fnt
|faint|p2a: Senor Pink
|
|-weather|RainDance|[upkeep]
|upkeep
|
|t:|1643917723
|switch|p2a: PIOU PIOU|Dragonite, M|70/100
|turn|22
|
|t:|1643917741
|switch|p1a: Pouet Pouet|Dragonite, M|100/100
|-damage|p1a: Pouet Pouet|76/100|[from] Stealth Rock
|move|p2a: PIOU PIOU|Draco Meteor|p1a: Pouet Pouet
|-supereffective|p1a: Pouet Pouet
|-damage|p1a: Pouet Pouet|0 fnt
|-unboost|p2a: PIOU PIOU|spa|2
|faint|p1a: Pouet Pouet
|
|-weather|RainDance|[upkeep]
|upkeep
|
|t:|1643917750
|switch|p1a: Ghidorah|Hydreigon, M|52/100
|-damage|p1a: Ghidorah|40/100|[from] Stealth Rock
|turn|23
|
|t:|1643917758
|move|p1a: Ghidorah|Draco Meteor|p2a: PIOU PIOU
|-supereffective|p2a: PIOU PIOU
|-damage|p2a: PIOU PIOU|0 fnt
|-unboost|p1a: Ghidorah|spa|2
|faint|p2a: PIOU PIOU
|
|-weather|RainDance|[upkeep]
|upkeep
|
|t:|1643917770
|switch|p2a: Toad|Breloom, M, shiny|100/100
|turn|24
|
|t:|1643917775
|switch|p1a: Beerus|Landorus-Therian, M|76/100
|-damage|p1a: Beerus|64/100|[from] Stealth Rock
|-ability|p1a: Beerus|Intimidate|boost
|-unboost|p2a: Toad|atk|1
|move|p2a: Toad|Mach Punch|p1a: Beerus
|-resisted|p1a: Beerus
|-damage|p1a: Beerus|45/100
|
|-weather|RainDance|[upkeep]
|upkeep
|turn|25
|
|t:|1643917789
|move|p2a: Toad|Mach Punch|p1a: Beerus
|-resisted|p1a: Beerus
|-crit|p1a: Beerus
|-damage|p1a: Beerus|0 fnt
|faint|p1a: Beerus
|
|-weather|RainDance|[upkeep]
|upkeep
|
|t:|1643917793
|switch|p1a: Ghidorah|Hydreigon, M|40/100
|-damage|p1a: Ghidorah|28/100|[from] Stealth Rock
|turn|26
|
|t:|1643917798
|move|p2a: Toad|Mach Punch|p1a: Ghidorah
|-supereffective|p1a: Ghidorah
|-damage|p1a: Ghidorah|0 fnt
|faint|p1a: Ghidorah
|
|win|Roxyraphi
