|j|☆me and my husband
|j|☆faded love
|t:|1634512626
|gametype|singles
|player|p1|me and my husband|wallace|
|player|p2|faded love|psychicf|
|teamsize|p1|6
|teamsize|p2|6
|gen|5
|tier|[Gen 5] UU
|rated|Tournament battle
|rule|Species Clause: Limit one of each Pokémon
|rule|OHKO Clause: OHKO moves are banned
|rule|Moody Clause: Moody is banned
|rule|Evasion Moves Clause: Evasion moves are banned
|rule|Endless Battle Clause: Forcing endless battles is banned
|rule|HP Percentage Mod: HP is shown in percentages
|rule|Evasion Abilities Clause: Evasion abilities are banned
|rule|Baton Pass Clause: Limit one Baton Passer, can't pass Spe and other stats simultaneously
|rule|Swagger Clause: Swagger is banned
|rule|Sleep Clause Mod: Limit one foe put to sleep
|clearpoke
|poke|p1|Scrafty, F|item
|poke|p1|Crobat, M|item
|poke|p1|Slowbro, F|item
|poke|p1|Ferroseed, M|item
|poke|p1|Clefable, M|item
|poke|p1|Rhyperior, F|item
|poke|p2|Roserade, M|item
|poke|p2|Cobalion|item
|poke|p2|Swampert, F|item
|poke|p2|Zapdos|item
|poke|p2|Umbreon, M|item
|poke|p2|Mew|item
|teampreview
|c|☆faded love|I hate you
|c|☆me and my husband|same tbh
|
|t:|1634512647
|start
|switch|p1a: real men|Crobat, M|100/100
|switch|p2a: KILBY GIRL|Roserade, M|100/100
|turn|1
|
|t:|1634512650
|switch|p2a: SINKING SHIP|Zapdos|100/100
|-ability|p2a: SINKING SHIP|Pressure
|move|p1a: real men|Brave Bird|p2a: SINKING SHIP
|-resisted|p2a: SINKING SHIP
|-damage|p2a: SINKING SHIP|82/100
|-damage|p1a: real men|94/100|[from] Recoil
|
|-heal|p1a: real men|99/100|[from] item: Black Sludge
|-heal|p2a: SINKING SHIP|88/100|[from] item: Leftovers
|upkeep
|turn|2
|
|t:|1634512654
|move|p1a: real men|U-turn|p2a: SINKING SHIP
|-resisted|p2a: SINKING SHIP
|-damage|p2a: SINKING SHIP|82/100
|
|t:|1634512656
|switch|p1a: liquid smooth|Clefable, M|100/100|[from]move: U-turn
|move|p2a: SINKING SHIP|Volt Switch|p1a: liquid smooth
|-damage|p1a: liquid smooth|80/100
|c|☆me and my husband|i built this myself
|
|t:|1634512660
|switch|p2a: KILBY GIRL|Roserade, M|100/100|[from]move: Volt Switch
|
|-heal|p1a: liquid smooth|87/100|[from] item: Leftovers
|upkeep
|turn|3
|c|☆me and my husband|so it's
|c|☆me and my husband|prob bad x
|
|t:|1634512668
|move|p2a: KILBY GIRL|Sleep Powder|p1a: liquid smooth
|-status|p1a: liquid smooth|slp|[from] move: Sleep Powder
|cant|p1a: liquid smooth|slp
|
|-heal|p1a: liquid smooth|93/100 slp|[from] item: Leftovers
|upkeep
|turn|4
|
|t:|1634512675
|switch|p2a: SINKING SHIP|Zapdos|82/100
|-ability|p2a: SINKING SHIP|Pressure
|cant|p1a: liquid smooth|slp
|
|-heal|p2a: SINKING SHIP|88/100|[from] item: Leftovers
|-heal|p1a: liquid smooth|99/100 slp|[from] item: Leftovers
|upkeep
|turn|5
|
|t:|1634512678
|cant|p1a: liquid smooth|slp
|move|p2a: SINKING SHIP|Volt Switch|p1a: liquid smooth
|-crit|p1a: liquid smooth
|-damage|p1a: liquid smooth|63/100 slp
|
|t:|1634512681
|switch|p2a: DAVY CROCHET|Cobalion|100/100|[from]move: Volt Switch
|
|-heal|p1a: liquid smooth|69/100 slp|[from] item: Leftovers
|upkeep
|turn|6
|
|t:|1634512685
|move|p2a: DAVY CROCHET|Volt Switch|p1a: liquid smooth
|-crit|p1a: liquid smooth
|-damage|p1a: liquid smooth|49/100 slp
|
|t:|1634512689
|switch|p2a: KILBY GIRL|Roserade, M|100/100|[from]move: Volt Switch
|-curestatus|p1a: liquid smooth|slp|[msg]
|move|p1a: liquid smooth|Seismic Toss|p2a: KILBY GIRL
|-damage|p2a: KILBY GIRL|62/100
|
|-heal|p1a: liquid smooth|56/100|[from] item: Leftovers
|upkeep
|turn|7
|
|t:|1634512698
|switch|p1a: lush|Ferroseed, M|100/100
|move|p2a: KILBY GIRL|Sleep Powder|p1a: lush
|-status|p1a: lush|slp|[from] move: Sleep Powder
|
|upkeep
|turn|8
|
|t:|1634512700
|switch|p2a: DAVY CROCHET|Cobalion|100/100
|switch|p1a: liquid smooth|Clefable, M|56/100
|
|-heal|p1a: liquid smooth|62/100|[from] item: Leftovers
|upkeep
|turn|9
|
|t:|1634512705
|switch|p1a: bag of bones|Rhyperior, F|100/100
|move|p2a: DAVY CROCHET|Close Combat|p1a: bag of bones
|-supereffective|p1a: bag of bones
|-crit|p1a: bag of bones
|-damage|p1a: bag of bones|0 fnt
|-unboost|p2a: DAVY CROCHET|def|1
|-unboost|p2a: DAVY CROCHET|spd|1
|faint|p1a: bag of bones
|
|upkeep
|c|☆me and my husband|naurrr
|
|t:|1634512712
|switch|p1a: brand new city|Scrafty, F|100/100
|-ability|p1a: brand new city|Intimidate|boost
|-unboost|p2a: DAVY CROCHET|atk|1
|turn|10
|n|!faded love|fadedlove
|
|t:|1634512719
|move|p2a: DAVY CROCHET|Close Combat|p1a: brand new city
|-supereffective|p1a: brand new city
|-damage|p1a: brand new city|17/100
|-unboost|p2a: DAVY CROCHET|def|1
|-unboost|p2a: DAVY CROCHET|spd|1
|move|p1a: brand new city|High Jump Kick|p2a: DAVY CROCHET
|-supereffective|p2a: DAVY CROCHET
|-damage|p2a: DAVY CROCHET|0 fnt
|faint|p2a: DAVY CROCHET
|
|upkeep
|
|t:|1634512727
|switch|p2a: SINKING SHIP|Zapdos|88/100
|-ability|p2a: SINKING SHIP|Pressure
|turn|11
|
|t:|1634512732
|switch|p1a: lush|Ferroseed, M|100/100 slp
|move|p2a: SINKING SHIP|Volt Switch|p1a: lush
|-resisted|p1a: lush
|-damage|p1a: lush|91/100 slp
|
|t:|1634512737
|switch|p2a: INTUITION|Mew|100/100|[from]move: Volt Switch
|
|upkeep
|turn|12
|
|t:|1634512741
|switch|p1a: real men|Crobat, M|99/100
|move|p2a: INTUITION|Trick|p1a: real men
|-activate|p2a: INTUITION|move: Trick|[of] p1a: real men
|-item|p1a: real men|Choice Scarf|[from] move: Trick
|-item|p2a: INTUITION|Black Sludge|[from] move: Trick
|
|-damage|p2a: INTUITION|88/100|[from] item: Black Sludge
|upkeep
|turn|13
|
|t:|1634512748
|switch|p2a: SINKING SHIP|Zapdos|88/100
|-ability|p2a: SINKING SHIP|Pressure
|move|p1a: real men|U-turn|p2a: SINKING SHIP
|-resisted|p2a: SINKING SHIP
|-damage|p2a: SINKING SHIP|82/100
|
|t:|1634512753
|switch|p1a: liquid smooth|Clefable, M|62/100|[from]move: U-turn
|
|-heal|p2a: SINKING SHIP|88/100|[from] item: Leftovers
|-heal|p1a: liquid smooth|68/100|[from] item: Leftovers
|upkeep
|turn|14
|
|t:|1634512756
|move|p2a: SINKING SHIP|Volt Switch|p1a: liquid smooth
|-damage|p1a: liquid smooth|48/100
|
|t:|1634512759
|switch|p2a: DUGOUT|Swampert, F|100/100|[from]move: Volt Switch
|move|p1a: liquid smooth|Wish|p1a: liquid smooth
|
|-heal|p1a: liquid smooth|54/100|[from] item: Leftovers
|upkeep
|turn|15
|
|t:|1634512762
|move|p1a: liquid smooth|Toxic|p2a: DUGOUT
|-status|p2a: DUGOUT|tox
|move|p2a: DUGOUT|Stealth Rock|p1a: liquid smooth
|-sidestart|p1: me and my husband|move: Stealth Rock
|
|-heal|p1a: liquid smooth|100/100|[from] move: Wish|[wisher] liquid smooth
|-damage|p2a: DUGOUT|94/100 tox|[from] psn
|upkeep
|turn|16
|
|t:|1634512767
|move|p1a: liquid smooth|Wish|p1a: liquid smooth
|move|p2a: DUGOUT|Toxic|p1a: liquid smooth|[miss]
|-miss|p2a: DUGOUT|p1a: liquid smooth
|
|-heal|p2a: DUGOUT|100/100 tox|[from] item: Leftovers
|-damage|p2a: DUGOUT|88/100 tox|[from] psn
|upkeep
|turn|17
|j|+Drreuniclus3
|
|t:|1634512773
|move|p1a: liquid smooth|Seismic Toss|p2a: DUGOUT
|-damage|p2a: DUGOUT|63/100 tox
|move|p2a: DUGOUT|Earthquake|p1a: liquid smooth
|-damage|p1a: liquid smooth|61/100
|
|-heal|p1a: liquid smooth|100/100|[from] move: Wish|[wisher] liquid smooth
|-heal|p2a: DUGOUT|69/100 tox|[from] item: Leftovers
|-damage|p2a: DUGOUT|51/100 tox|[from] psn
|upkeep
|turn|18
|
|t:|1634512779
|switch|p2a: WATCH YOUR MOUTH|Umbreon, M|100/100
|move|p1a: liquid smooth|Wish|p1a: liquid smooth
|
|upkeep
|turn|19
|
|t:|1634512782
|switch|p1a: brand new city|Scrafty, F|17/100
|-damage|p1a: brand new city|11/100|[from] Stealth Rock
|-ability|p1a: brand new city|Intimidate|boost
|-unboost|p2a: WATCH YOUR MOUTH|atk|1
|move|p2a: WATCH YOUR MOUTH|Foul Play|p1a: brand new city
|-resisted|p1a: brand new city
|-damage|p1a: brand new city|1/100
|
|-heal|p1a: brand new city|61/100|[from] move: Wish|[wisher] liquid smooth
|upkeep
|turn|20
|
|t:|1634512794
|switch|p2a: KILBY GIRL|Roserade, M|62/100
|switch|p1a: liquid smooth|Clefable, M|100/100
|
|upkeep
|turn|21
|
|t:|1634512797
|move|p2a: KILBY GIRL|Synthesis|p2a: KILBY GIRL
|-heal|p2a: KILBY GIRL|100/100
|move|p1a: liquid smooth|Seismic Toss|p2a: KILBY GIRL
|-damage|p2a: KILBY GIRL|62/100
|
|upkeep
|turn|22
|
|t:|1634512803
|switch|p2a: WATCH YOUR MOUTH|Umbreon, M|100/100
|move|p1a: liquid smooth|Seismic Toss|p2a: WATCH YOUR MOUTH
|-damage|p2a: WATCH YOUR MOUTH|75/100
|
|-heal|p2a: WATCH YOUR MOUTH|81/100|[from] item: Leftovers
|upkeep
|turn|23
|
|t:|1634512806
|move|p2a: WATCH YOUR MOUTH|Heal Bell|p2a: WATCH YOUR MOUTH
|-activate|p2a: WATCH YOUR MOUTH|move: Heal Bell
|-curestatus|p2: DUGOUT|tox|[msg]
|move|p1a: liquid smooth|Wish|p1a: liquid smooth
|
|-heal|p2a: WATCH YOUR MOUTH|87/100|[from] item: Leftovers
|upkeep
|turn|24
|
|t:|1634512812
|switch|p1a: brand new city|Scrafty, F|61/100
|-damage|p1a: brand new city|55/100|[from] Stealth Rock
|-ability|p1a: brand new city|Intimidate|boost
|-unboost|p2a: WATCH YOUR MOUTH|atk|1
|move|p2a: WATCH YOUR MOUTH|Wish|p2a: WATCH YOUR MOUTH
|
|-heal|p1a: brand new city|100/100|[from] move: Wish|[wisher] liquid smooth
|-heal|p2a: WATCH YOUR MOUTH|93/100|[from] item: Leftovers
|upkeep
|turn|25
|
|t:|1634512829
|switch|p2a: DUGOUT|Swampert, F|51/100
|switch|p1a: liquid smooth|Clefable, M|100/100
|
|-heal|p2a: DUGOUT|99/100|[from] move: Wish|[wisher] WATCH YOUR MOUTH
|-heal|p2a: DUGOUT|100/100|[from] item: Leftovers
|upkeep
|turn|26
|
|t:|1634512839
|switch|p2a: KILBY GIRL|Roserade, M|62/100
|move|p1a: liquid smooth|Seismic Toss|p2a: KILBY GIRL
|-damage|p2a: KILBY GIRL|24/100
|
|upkeep
|turn|27
|j| House fly
|
|t:|1634512843
|move|p2a: KILBY GIRL|Synthesis|p2a: KILBY GIRL
|-heal|p2a: KILBY GIRL|74/100
|move|p1a: liquid smooth|Seismic Toss|p2a: KILBY GIRL
|-damage|p2a: KILBY GIRL|36/100
|
|upkeep
|turn|28
|
|t:|1634512845
|switch|p2a: WATCH YOUR MOUTH|Umbreon, M|93/100
|move|p1a: liquid smooth|Seismic Toss|p2a: WATCH YOUR MOUTH
|-damage|p2a: WATCH YOUR MOUTH|68/100
|
|-heal|p2a: WATCH YOUR MOUTH|74/100|[from] item: Leftovers
|upkeep
|turn|29
|
|t:|1634512848
|move|p2a: WATCH YOUR MOUTH|Wish|p2a: WATCH YOUR MOUTH
|move|p1a: liquid smooth|Toxic|p2a: WATCH YOUR MOUTH
|-status|p2a: WATCH YOUR MOUTH|tox
|-activate|p2a: WATCH YOUR MOUTH|ability: Synchronize
|-status|p1a: liquid smooth|tox
|
|-heal|p2a: WATCH YOUR MOUTH|80/100 tox|[from] item: Leftovers
|-damage|p2a: WATCH YOUR MOUTH|74/100 tox|[from] psn
|upkeep
|turn|30
|
|t:|1634512855
|switch|p2a: KILBY GIRL|Roserade, M|36/100
|switch|p1a: brand new city|Scrafty, F|100/100
|-damage|p1a: brand new city|94/100|[from] Stealth Rock
|-ability|p1a: brand new city|Intimidate|boost
|-unboost|p2a: KILBY GIRL|atk|1
|
|-heal|p2a: KILBY GIRL|100/100|[from] move: Wish|[wisher] WATCH YOUR MOUTH
|upkeep
|turn|31
|
|t:|1634512860
|move|p2a: KILBY GIRL|Leaf Storm|p1a: brand new city
|-damage|p1a: brand new city|14/100
|-unboost|p2a: KILBY GIRL|spa|2
|-damage|p2a: KILBY GIRL|91/100|[from] item: Life Orb
|move|p1a: brand new city|Crunch|p2a: KILBY GIRL
|-crit|p2a: KILBY GIRL
|-damage|p2a: KILBY GIRL|0 fnt
|faint|p2a: KILBY GIRL
|
|upkeep
|
|t:|1634512865
|switch|p2a: SINKING SHIP|Zapdos|88/100
|-ability|p2a: SINKING SHIP|Pressure
|turn|32
|
|t:|1634512870
|switch|p1a: lush|Ferroseed, M|91/100 slp
|-damage|p1a: lush|85/100 slp|[from] Stealth Rock
|move|p2a: SINKING SHIP|Volt Switch|p1a: lush
|-resisted|p1a: lush
|-damage|p1a: lush|76/100 slp
|
|t:|1634512872
|switch|p2a: DUGOUT|Swampert, F|100/100|[from]move: Volt Switch
|
|upkeep
|turn|33
|
|t:|1634512876
|switch|p1a: pearl diver|Slowbro, F|100/100
|-damage|p1a: pearl diver|88/100|[from] Stealth Rock
|move|p2a: DUGOUT|Earthquake|p1a: pearl diver
|-damage|p1a: pearl diver|64/100
|
|-heal|p1a: pearl diver|70/100|[from] item: Leftovers
|upkeep
|turn|34
|
|t:|1634512881
|switch|p1a: liquid smooth|Clefable, M|100/100 tox
|move|p2a: DUGOUT|Toxic|p1a: liquid smooth
|-fail|p1a: liquid smooth|tox
|
|upkeep
|turn|35
|
|t:|1634512889
|move|p1a: liquid smooth|Seismic Toss|p2a: DUGOUT
|-damage|p2a: DUGOUT|76/100
|move|p2a: DUGOUT|Earthquake|p1a: liquid smooth
|-damage|p1a: liquid smooth|55/100 tox
|
|-heal|p1a: liquid smooth|61/100 tox|[from] item: Leftovers
|-heal|p2a: DUGOUT|82/100|[from] item: Leftovers
|upkeep
|turn|36
|
|t:|1634512896
|move|p1a: liquid smooth|Wish|p1a: liquid smooth
|move|p2a: DUGOUT|Earthquake|p1a: liquid smooth
|-damage|p1a: liquid smooth|21/100 tox
|
|-heal|p1a: liquid smooth|27/100 tox|[from] item: Leftovers
|-heal|p2a: DUGOUT|88/100|[from] item: Leftovers
|upkeep
|turn|37
|
|t:|1634512901
|switch|p2a: INTUITION|Mew|88/100
|move|p1a: liquid smooth|Protect||[still]
|-fail|p1a: liquid smooth
|
|-heal|p1a: liquid smooth|77/100 tox|[from] move: Wish|[wisher] liquid smooth
|-damage|p2a: INTUITION|76/100|[from] item: Black Sludge
|-heal|p1a: liquid smooth|83/100 tox|[from] item: Leftovers
|upkeep
|turn|38
|
|t:|1634512905
|move|p1a: liquid smooth|Protect|p1a: liquid smooth
|-singleturn|p1a: liquid smooth|Protect
|move|p2a: INTUITION|Trick|p1a: liquid smooth
|-activate|p1a: liquid smooth|move: Protect
|
|-damage|p2a: INTUITION|64/100|[from] item: Black Sludge
|-heal|p1a: liquid smooth|89/100 tox|[from] item: Leftovers
|upkeep
|turn|39
|
|t:|1634512913
|switch|p1a: real men|Crobat, M|99/100
|-damage|p1a: real men|75/100|[from] Stealth Rock
|move|p2a: INTUITION|Trick|p1a: real men
|-activate|p2a: INTUITION|move: Trick|[of] p1a: real men
|-item|p1a: real men|Black Sludge|[from] move: Trick
|-item|p2a: INTUITION|Choice Scarf|[from] move: Trick
|
|-heal|p1a: real men|82/100|[from] item: Black Sludge
|upkeep
|turn|40
|
|t:|1634512922
|move|p2a: INTUITION|Trick|p1a: real men
|-activate|p2a: INTUITION|move: Trick|[of] p1a: real men
|-item|p1a: real men|Choice Scarf|[from] move: Trick
|-item|p2a: INTUITION|Black Sludge|[from] move: Trick
|move|p1a: real men|Toxic|p2a: INTUITION
|-status|p2a: INTUITION|tox
|-activate|p2a: INTUITION|ability: Synchronize
|-immune|p1a: real men
|
|-damage|p2a: INTUITION|51/100 tox|[from] item: Black Sludge
|-damage|p2a: INTUITION|45/100 tox|[from] psn
|upkeep
|turn|41
|
|t:|1634512931
|move|p1a: real men|Toxic|p2a: INTUITION
|-fail|p2a: INTUITION|tox
|move|p2a: INTUITION|Trick|p1a: real men
|-activate|p2a: INTUITION|move: Trick|[of] p1a: real men
|-item|p1a: real men|Black Sludge|[from] move: Trick
|-item|p2a: INTUITION|Choice Scarf|[from] move: Trick
|
|-heal|p1a: real men|88/100|[from] item: Black Sludge
|-damage|p2a: INTUITION|33/100 tox|[from] psn
|upkeep
|turn|42
|
|t:|1634512936
|switch|p2a: WATCH YOUR MOUTH|Umbreon, M|74/100 tox
|move|p1a: real men|Brave Bird|p2a: WATCH YOUR MOUTH
|-damage|p2a: WATCH YOUR MOUTH|40/100 tox
|-damage|p1a: real men|75/100|[from] Recoil
|
|-heal|p1a: real men|81/100|[from] item: Black Sludge
|-heal|p2a: WATCH YOUR MOUTH|46/100 tox|[from] item: Leftovers
|-damage|p2a: WATCH YOUR MOUTH|40/100 tox|[from] psn
|upkeep
|turn|43
|
|t:|1634512941
|move|p1a: real men|Brave Bird|p2a: WATCH YOUR MOUTH
|-damage|p2a: WATCH YOUR MOUTH|2/100 tox
|-damage|p1a: real men|67/100|[from] Recoil
|move|p2a: WATCH YOUR MOUTH|Wish|p2a: WATCH YOUR MOUTH
|
|-heal|p1a: real men|73/100|[from] item: Black Sludge
|-heal|p2a: WATCH YOUR MOUTH|8/100 tox|[from] item: Leftovers
|-damage|p2a: WATCH YOUR MOUTH|0 fnt|[from] psn
|faint|p2a: WATCH YOUR MOUTH
|upkeep
|-message|faded love forfeited.
|
|win|me and my husband
