|j|☆Daffodil Bloke
|j|☆arondeans
|t:|1644164104
|gametype|singles
|player|p1|Daffodil Bloke|hiker-gen4|1165
|player|p2|arondeans|roxie|1052
|teamsize|p1|6
|teamsize|p2|6
|gen|5
|tier|[Gen 5] OU
|rated|
|rule|Species Clause: Limit one of each Pokémon
|rule|OHKO Clause: OHKO moves are banned
|rule|Moody Clause: Moody is banned
|rule|Evasion Moves Clause: Evasion moves are banned
|rule|Endless Battle Clause: Forcing endless battles is banned
|rule|HP Percentage Mod: HP is shown in percentages
|rule|Evasion Abilities Clause: Evasion abilities are banned
|rule|Sleep Clause: Sleep-inducing moves are banned
|rule|Swagger Clause: Swagger is banned
|clearpoke
|poke|p1|Hariyama, M|item
|poke|p1|Mightyena, M|item
|poke|p1|Volcarona, M|item
|poke|p1|Conkeldurr, M|item
|poke|p1|Sableye, M|item
|poke|p1|Honchkrow, M|item
|poke|p2|Toxicroak, M|item
|poke|p2|Hippowdon, F|item
|poke|p2|Swampert, M|item
|poke|p2|Sceptile, F|item
|poke|p2|Mismagius, F|item
|poke|p2|Conkeldurr, F|item
|teampreview
|
|t:|1644164129
|start
|switch|p1a: Greirat|Sableye, M|100/100
|switch|p2a: SWAMP DICK|Swampert, M|100/100
|turn|1
|
|t:|1644164138
|move|p1a: Greirat|Taunt|p2a: SWAMP DICK
|-start|p2a: SWAMP DICK|move: Taunt
|move|p2a: SWAMP DICK|Earthquake|p1a: Greirat
|-damage|p1a: Greirat|28/100
|
|-heal|p1a: Greirat|34/100|[from] item: Leftovers
|upkeep
|turn|2
|
|t:|1644164159
|switch|p1a: Wolf of Farron|Mightyena, M|100/100
|-ability|p1a: Wolf of Farron|Intimidate|boost
|-unboost|p2a: SWAMP DICK|atk|1
|move|p2a: SWAMP DICK|Earthquake|p1a: Wolf of Farron
|-damage|p1a: Wolf of Farron|59/100
|
|-heal|p1a: Wolf of Farron|65/100|[from] item: Leftovers
|upkeep
|turn|3
|
|t:|1644164169
|move|p1a: Wolf of Farron|Toxic|p2a: SWAMP DICK
|-status|p2a: SWAMP DICK|tox
|move|p2a: SWAMP DICK|Earthquake|p1a: Wolf of Farron
|-damage|p1a: Wolf of Farron|25/100
|
|-heal|p1a: Wolf of Farron|31/100|[from] item: Leftovers
|-damage|p2a: SWAMP DICK|94/100 tox|[from] psn
|-end|p2a: SWAMP DICK|move: Taunt
|upkeep
|turn|4
|
|t:|1644164178
|move|p1a: Wolf of Farron|Protect|p1a: Wolf of Farron
|-singleturn|p1a: Wolf of Farron|Protect
|move|p2a: SWAMP DICK|Earthquake|p1a: Wolf of Farron
|-activate|p1a: Wolf of Farron|move: Protect
|
|-heal|p1a: Wolf of Farron|37/100|[from] item: Leftovers
|-damage|p2a: SWAMP DICK|82/100 tox|[from] psn
|upkeep
|turn|5
|
|t:|1644164195
|move|p1a: Wolf of Farron|Sucker Punch|p2a: SWAMP DICK
|-damage|p2a: SWAMP DICK|59/100 tox
|move|p2a: SWAMP DICK|Earthquake|p1a: Wolf of Farron
|-damage|p1a: Wolf of Farron|0 fnt
|faint|p1a: Wolf of Farron
|
|-damage|p2a: SWAMP DICK|41/100 tox|[from] psn
|upkeep
|
|t:|1644164207
|switch|p1a: Picklepum|Honchkrow, M|100/100
|turn|6
|
|t:|1644164211
|move|p1a: Picklepum|Brave Bird|p2a: SWAMP DICK
|-damage|p2a: SWAMP DICK|0 fnt
|faint|p2a: SWAMP DICK
|-ability|p1a: Picklepum|Moxie|boost
|-boost|p1a: Picklepum|atk|1
|-damage|p1a: Picklepum|85/100|[from] Recoil
|
|upkeep
|
|t:|1644164222
|switch|p2a: TWO BIG MEGADIKS|Conkeldurr, F|100/100
|turn|7
|
|t:|1644164225
|move|p1a: Picklepum|Brave Bird|p2a: TWO BIG MEGADIKS
|-supereffective|p2a: TWO BIG MEGADIKS
|-damage|p2a: TWO BIG MEGADIKS|0 fnt
|faint|p2a: TWO BIG MEGADIKS
|-ability|p1a: Picklepum|Moxie|boost
|-boost|p1a: Picklepum|atk|1
|-damage|p1a: Picklepum|48/100|[from] Recoil
|
|upkeep
|
|t:|1644164237
|switch|p2a: SWIMMER OF SHIT|Hippowdon, F|100/100
|-weather|Sandstorm|[from] ability: Sand Stream|[of] p2a: SWIMMER OF SHIT
|turn|8
|
|t:|1644164245
|move|p1a: Picklepum|Brave Bird|p2a: SWIMMER OF SHIT
|-damage|p2a: SWIMMER OF SHIT|35/100
|-damage|p1a: Picklepum|22/100|[from] Recoil
|move|p2a: SWIMMER OF SHIT|Stealth Rock|p1a: Picklepum
|-sidestart|p1: Daffodil Bloke|move: Stealth Rock
|
|-weather|Sandstorm|[upkeep]
|-damage|p1a: Picklepum|15/100|[from] Sandstorm
|-heal|p2a: SWIMMER OF SHIT|41/100|[from] item: Leftovers
|upkeep
|turn|9
|
|t:|1644164254
|move|p1a: Picklepum|Brave Bird|p2a: SWIMMER OF SHIT
|-damage|p2a: SWIMMER OF SHIT|0 fnt
|faint|p2a: SWIMMER OF SHIT
|-ability|p1a: Picklepum|Moxie|boost
|-boost|p1a: Picklepum|atk|1
|-damage|p1a: Picklepum|0 fnt|[from] Recoil
|faint|p1a: Picklepum
|
|-weather|Sandstorm|[upkeep]
|upkeep
|
|t:|1644164281
|switch|p1a: Eygon|Conkeldurr, M|100/100
|switch|p2a: hat :)|Mismagius, F|100/100
|-damage|p1a: Eygon|94/100|[from] Stealth Rock
|turn|10
|
|t:|1644164294
|move|p2a: hat :)|Shadow Ball|p1a: Eygon
|-damage|p1a: Eygon|52/100
|-unboost|p1a: Eygon|spd|1
|move|p1a: Eygon|Payback|p2a: hat :)
|-supereffective|p2a: hat :)
|-damage|p2a: hat :)|0 fnt
|faint|p2a: hat :)
|
|-weather|Sandstorm|[upkeep]
|-damage|p1a: Eygon|46/100|[from] Sandstorm
|-status|p1a: Eygon|brn|[from] item: Flame Orb
|upkeep
|
|t:|1644164306
|switch|p2a: GREEN FUCK 2|Sceptile, F|100/100
|turn|11
|
|t:|1644164313
|move|p1a: Eygon|Mach Punch|p2a: GREEN FUCK 2
|-damage|p2a: GREEN FUCK 2|42/100
|move|p2a: GREEN FUCK 2|Leaf Blade|p1a: Eygon
|-damage|p1a: Eygon|13/100 brn
|
|-weather|Sandstorm|[upkeep]
|-damage|p2a: GREEN FUCK 2|36/100|[from] Sandstorm
|-damage|p1a: Eygon|7/100 brn|[from] Sandstorm
|-damage|p1a: Eygon|0 fnt|[from] brn
|faint|p1a: Eygon
|upkeep
|
|t:|1644164329
|switch|p1a: Siegward|Hariyama, M|100/100
|-damage|p1a: Siegward|94/100|[from] Stealth Rock
|turn|12
|
|t:|1644164335
|move|p1a: Siegward|Fake Out|p2a: GREEN FUCK 2
|-crit|p2a: GREEN FUCK 2
|-damage|p2a: GREEN FUCK 2|0 fnt
|faint|p2a: GREEN FUCK 2
|
|-weather|Sandstorm|[upkeep]
|-damage|p1a: Siegward|88/100|[from] Sandstorm
|-status|p1a: Siegward|brn|[from] item: Flame Orb
|upkeep
|
|t:|1644164342
|switch|p2a: THIRD TESTICLE|Toxicroak, M, shiny|100/100
|turn|13
|
|t:|1644164349
|move|p2a: THIRD TESTICLE|Ice Punch|p1a: Siegward
|-damage|p1a: Siegward|57/100 brn
|-damage|p2a: THIRD TESTICLE|91/100|[from] item: Life Orb
|move|p1a: Siegward|Close Combat|p2a: THIRD TESTICLE
|-resisted|p2a: THIRD TESTICLE
|-damage|p2a: THIRD TESTICLE|10/100
|-unboost|p1a: Siegward|def|1
|-unboost|p1a: Siegward|spd|1
|
|-weather|Sandstorm|[upkeep]
|-damage|p2a: THIRD TESTICLE|4/100|[from] Sandstorm
|-damage|p1a: Siegward|51/100 brn|[from] Sandstorm
|-damage|p1a: Siegward|39/100 brn|[from] brn
|upkeep
|turn|14
|
|t:|1644164361
|move|p1a: Siegward|Bullet Punch|p2a: THIRD TESTICLE
|-damage|p2a: THIRD TESTICLE|0 fnt
|faint|p2a: THIRD TESTICLE
|
|win|Daffodil Bloke
|raw|Daffodil Bloke's rating: 1165 &rarr; <strong>1182</strong><br />(+17 for winning)
|raw|arondeans's rating: 1052 &rarr; <strong>1040</strong><br />(-12 for losing)
