|inactive|Battle timer is ON: inactive players will automatically lose when time's up.
|j|☆FavMon=Garchomp
|j|☆Ban Volc Please
|t:|1639788465
|gametype|singles
|player|p1|FavMon=Garchomp|hilbert|
|player|p2|Ban Volc Please|ninjaboy|
|teamsize|p1|6
|teamsize|p2|6
|gen|5
|tier|[Gen 5] UU
|rated|Tournament battle
|rule|Species Clause: Limit one of each Pokémon
|rule|OHKO Clause: OHKO moves are banned
|rule|Moody Clause: Moody is banned
|rule|Evasion Moves Clause: Evasion moves are banned
|rule|Endless Battle Clause: Forcing endless battles is banned
|rule|HP Percentage Mod: HP is shown in percentages
|rule|Evasion Abilities Clause: Evasion abilities are banned
|rule|Swagger Clause: Swagger is banned
|rule|Sleep Clause Mod: Limit one foe put to sleep
|rule|Blitz: Super-fast timer
|clearpoke
|poke|p1|Snorlax, M|item
|poke|p1|Togekiss, M|item
|poke|p1|Victini|item
|poke|p1|Steelix, M|item
|poke|p1|Roserade, F|item
|poke|p1|Mismagius, F|item
|poke|p2|Xatu, M|item
|poke|p2|Zapdos|item
|poke|p2|Heracross, M|item
|poke|p2|Qwilfish, F|item
|poke|p2|Victini|item
|poke|p2|Nidoqueen, F|item
|teampreview
|j| BB-8-NU
|inactive|Ban Volc Please has 30 seconds left.
|
|t:|1639788477
|start
|switch|p1a: Victini|Victini|100/100
|switch|p2a: Victini|Victini|100/100
|turn|1
|
|t:|1639788482
|move|p1a: Victini|U-turn|p2a: Victini
|-damage|p2a: Victini|79/100
|
|t:|1639788485
|switch|p1a: Snorlax|Snorlax, M|100/100|[from]move: U-turn
|move|p2a: Victini|U-turn|p1a: Snorlax
|-damage|p1a: Snorlax|84/100
|-damage|p2a: Victini|69/100|[from] item: Life Orb
|j|@susciety
|j| popsnot
|inactive|Ban Volc Please has 10 seconds left.
|
|t:|1639788492
|switch|p2a: Heracross|Heracross, M|100/100|[from]move: U-turn
|
|-heal|p1a: Snorlax|91/100|[from] item: Leftovers
|upkeep
|turn|2
|
|t:|1639788496
|switch|p2a: Nidoqueen|Nidoqueen, F|100/100
|switch|p1a: Victini|Victini|100/100
|
|upkeep
|turn|3
|
|t:|1639788499
|move|p1a: Victini|Trick|p2a: Nidoqueen
|-activate|p1a: Victini|move: Trick|[of] p2a: Nidoqueen
|-item|p2a: Nidoqueen|Choice Scarf|[from] move: Trick
|-item|p1a: Victini|Life Orb|[from] move: Trick
|move|p2a: Nidoqueen|Stealth Rock|p1a: Victini
|-sidestart|p1: FavMon=Garchomp|move: Stealth Rock
|
|upkeep
|turn|4
|inactive|Ban Volc Please has 10 seconds left.
|
|t:|1639788506
|switch|p2a: Qwilfish|Qwilfish, F|100/100
|-ability|p2a: Qwilfish|Intimidate|boost
|-unboost|p1a: Victini|atk|1
|move|p1a: Victini|V-create|p2a: Qwilfish
|-resisted|p2a: Qwilfish
|-damage|p2a: Qwilfish|65/100
|-unboost|p1a: Victini|spe|1
|-unboost|p1a: Victini|def|1
|-unboost|p1a: Victini|spd|1
|-damage|p1a: Victini|91/100|[from] item: Life Orb
|
|-heal|p2a: Qwilfish|71/100|[from] item: Black Sludge
|upkeep
|turn|5
|j| Testing39159
|inactive|FavMon=Garchomp has 10 seconds left.
|
|t:|1639788512
|switch|p1a: Roserade|Roserade, F|100/100
|-damage|p1a: Roserade|88/100|[from] Stealth Rock
|move|p2a: Qwilfish|Spikes|p1a: Roserade
|-sidestart|p1: FavMon=Garchomp|Spikes
|
|-heal|p2a: Qwilfish|77/100|[from] item: Black Sludge
|-heal|p1a: Roserade|94/100|[from] item: Black Sludge
|upkeep
|turn|6
|
|t:|1639788517
|switch|p2a: Heracross|Heracross, M|100/100
|switch|p1a: Victini|Victini|91/100
|-damage|p1a: Victini|78/100|[from] Spikes
|-damage|p1a: Victini|53/100|[from] Stealth Rock
|
|upkeep
|turn|7
|
|t:|1639788520
|move|p2a: Heracross|Megahorn|p1a: Victini|[miss]
|-miss|p2a: Heracross|p1a: Victini
|move|p1a: Victini|V-create|p2a: Heracross
|-supereffective|p2a: Heracross
|-damage|p2a: Heracross|0 fnt
|-unboost|p1a: Victini|spe|1
|-unboost|p1a: Victini|def|1
|-unboost|p1a: Victini|spd|1
|faint|p2a: Heracross
|-damage|p1a: Victini|43/100|[from] item: Life Orb
|
|upkeep
|inactive|Ban Volc Please has 10 seconds left.
|inactive|Ban Volc Please has 5 seconds left.
|
|t:|1639788530
|switch|p2a: Zapdos|Zapdos|100/100
|-ability|p2a: Zapdos|Pressure
|turn|8
|inactive|Ban Volc Please has 10 seconds left this turn.
|
|t:|1639788534
|move|p2a: Zapdos|Volt Switch|p1a: Victini
|-damage|p1a: Victini|0 fnt
|faint|p1a: Victini
|-damage|p2a: Zapdos|91/100|[from] item: Life Orb
|inactive|Ban Volc Please has 10 seconds left.
|j|#Waves
|
|t:|1639788539
|switch|p2a: Nidoqueen|Nidoqueen, F|100/100|[from]move: Volt Switch
|
|upkeep
|inactive|FavMon=Garchomp has 10 seconds left.
|
|t:|1639788546
|switch|p1a: Mismagius|Mismagius, F|100/100
|-damage|p1a: Mismagius|88/100|[from] Stealth Rock
|turn|9
|
|t:|1639788550
|move|p2a: Nidoqueen|Fire Blast|p1a: Mismagius
|-damage|p1a: Mismagius|33/100
|move|p1a: Mismagius|Nasty Plot|p1a: Mismagius
|-boost|p1a: Mismagius|spa|2
|
|upkeep
|turn|10
|inactive|FavMon=Garchomp has 10 seconds left.
|
|t:|1639788555
|switch|p1a: Snorlax|Snorlax, M|91/100
|-damage|p1a: Snorlax|78/100|[from] Spikes
|-damage|p1a: Snorlax|66/100|[from] Stealth Rock
|move|p2a: Nidoqueen|Fire Blast|p1a: Snorlax
|-damage|p1a: Snorlax|56/100
|
|-heal|p1a: Snorlax|62/100|[from] item: Leftovers
|upkeep
|turn|11
|
|t:|1639788559
|switch|p2a: Qwilfish|Qwilfish, F|77/100
|-ability|p2a: Qwilfish|Intimidate|boost
|-unboost|p1a: Snorlax|atk|1
|move|p1a: Snorlax|Curse|p1a: Snorlax
|-unboost|p1a: Snorlax|spe|1
|-boost|p1a: Snorlax|atk|1
|-boost|p1a: Snorlax|def|1
|
|-heal|p2a: Qwilfish|83/100|[from] item: Black Sludge
|-heal|p1a: Snorlax|69/100|[from] item: Leftovers
|upkeep
|turn|12
|
|t:|1639788563
|move|p2a: Qwilfish|Taunt|p1a: Snorlax
|-start|p1a: Snorlax|move: Taunt
|move|p1a: Snorlax|Body Slam|p2a: Qwilfish
|-damage|p2a: Qwilfish|50/100
|
|-heal|p2a: Qwilfish|56/100|[from] item: Black Sludge
|-heal|p1a: Snorlax|75/100|[from] item: Leftovers
|upkeep
|turn|13
|
|t:|1639788567
|move|p2a: Qwilfish|Pain Split|p1a: Snorlax
|-sethp|p1a: Snorlax|56/100|[from] move: Pain Split|[silent]
|-sethp|p2a: Qwilfish|85/100|[from] move: Pain Split
|move|p1a: Snorlax|Body Slam|p2a: Qwilfish
|-damage|p2a: Qwilfish|56/100
|
|-heal|p2a: Qwilfish|62/100|[from] item: Black Sludge
|-heal|p1a: Snorlax|62/100|[from] item: Leftovers
|upkeep
|turn|14
|
|t:|1639788570
|move|p2a: Qwilfish|Scald|p1a: Snorlax
|-damage|p1a: Snorlax|53/100
|move|p1a: Snorlax|Body Slam|p2a: Qwilfish
|-damage|p2a: Qwilfish|32/100
|-status|p2a: Qwilfish|par
|
|-heal|p1a: Snorlax|59/100|[from] item: Leftovers
|-heal|p2a: Qwilfish|38/100 par|[from] item: Black Sludge
|-end|p1a: Snorlax|move: Taunt
|upkeep
|turn|15
|
|t:|1639788575
|move|p1a: Snorlax|Curse|p1a: Snorlax
|-unboost|p1a: Snorlax|spe|1
|-boost|p1a: Snorlax|atk|1
|-boost|p1a: Snorlax|def|1
|move|p2a: Qwilfish|Pain Split|p1a: Snorlax
|-sethp|p1a: Snorlax|42/100|[from] move: Pain Split|[silent]
|-sethp|p2a: Qwilfish|64/100 par|[from] move: Pain Split
|
|-heal|p2a: Qwilfish|70/100 par|[from] item: Black Sludge
|-heal|p1a: Snorlax|48/100|[from] item: Leftovers
|upkeep
|turn|16
|inactive|Ban Volc Please has 10 seconds left.
|
|t:|1639788583
|cant|p2a: Qwilfish|par
|move|p1a: Snorlax|Body Slam|p2a: Qwilfish
|-damage|p2a: Qwilfish|25/100 par
|
|-heal|p2a: Qwilfish|31/100 par|[from] item: Black Sludge
|-heal|p1a: Snorlax|55/100|[from] item: Leftovers
|upkeep
|turn|17
|
|t:|1639788587
|move|p2a: Qwilfish|Scald|p1a: Snorlax
|-damage|p1a: Snorlax|46/100
|move|p1a: Snorlax|Body Slam|p2a: Qwilfish
|-damage|p2a: Qwilfish|0 fnt
|faint|p2a: Qwilfish
|
|-heal|p1a: Snorlax|53/100|[from] item: Leftovers
|upkeep
|inactive|Ban Volc Please has 10 seconds left.
|
|t:|1639788597
|switch|p2a: Nidoqueen|Nidoqueen, F|100/100
|turn|18
|
|t:|1639788600
|move|p2a: Nidoqueen|Earth Power|p1a: Snorlax
|-damage|p1a: Snorlax|30/100
|move|p1a: Snorlax|Rest|p1a: Snorlax
|-status|p1a: Snorlax|slp|[from] move: Rest
|-heal|p1a: Snorlax|100/100 slp|[silent]
|
|upkeep
|turn|19
|inactive|Ban Volc Please has 10 seconds left.
|
|t:|1639788605
|switch|p2a: Victini|Victini|69/100
|cant|p1a: Snorlax|slp
|
|upkeep
|turn|20
|
|t:|1639788610
|move|p2a: Victini|Focus Blast|p1a: Snorlax
|-supereffective|p1a: Snorlax
|-crit|p1a: Snorlax
|-damage|p1a: Snorlax|18/100 slp
|-unboost|p1a: Snorlax|spd|1
|-damage|p2a: Victini|59/100|[from] item: Life Orb
|cant|p1a: Snorlax|slp
|
|-heal|p1a: Snorlax|24/100 slp|[from] item: Leftovers
|upkeep
|turn|21
|inactive|FavMon=Garchomp has 10 seconds left.
|
|t:|1639788616
|move|p2a: Victini|Focus Blast|p1a: Snorlax
|-supereffective|p1a: Snorlax
|-damage|p1a: Snorlax|0 fnt
|faint|p1a: Snorlax
|-damage|p2a: Victini|49/100|[from] item: Life Orb
|
|upkeep
|inactive|FavMon=Garchomp has 10 seconds left.
|
|t:|1639788622
|switch|p1a: Mismagius|Mismagius, F|33/100
|-damage|p1a: Mismagius|20/100|[from] Stealth Rock
|turn|22
|
|t:|1639788625
|switch|p2a: Nidoqueen|Nidoqueen, F|100/100
|move|p1a: Mismagius|Shadow Ball|p2a: Nidoqueen
|-damage|p2a: Nidoqueen|59/100
|
|upkeep
|turn|23
|
|t:|1639788629
|move|p2a: Nidoqueen|Ice Beam|p1a: Mismagius
|-damage|p1a: Mismagius|0 fnt
|faint|p1a: Mismagius
|
|upkeep
|inactive|FavMon=Garchomp has 10 seconds left.
|inactive|FavMon=Garchomp has 5 seconds left.
|
|t:|1639788641
|switch|p1a: Steelix|Steelix, M|100/100
|-damage|p1a: Steelix|97/100|[from] Stealth Rock
|-damage|p1a: Steelix|85/100|[from] Spikes
|turn|24
|inactive|FavMon=Garchomp has 10 seconds left this turn.
|
|t:|1639788646
|switch|p2a: Xatu|Xatu, M|100/100
|move|p1a: Steelix|Stealth Rock|p2a: Xatu
|move|p2a: Xatu|Stealth Rock||[from]ability: Magic Bounce|[still]
|-fail|p2a: Xatu
|
|-heal|p1a: Steelix|91/100|[from] item: Leftovers
|upkeep
|turn|25
|
|t:|1639788650
|switch|p1a: Togekiss|Togekiss, M|100/100
|-damage|p1a: Togekiss|75/100|[from] Stealth Rock
|move|p2a: Xatu|Psychic|p1a: Togekiss
|-damage|p1a: Togekiss|52/100
|
|-heal|p1a: Togekiss|58/100|[from] item: Leftovers
|upkeep
|turn|26
|
|t:|1639788653
|move|p2a: Xatu|Thunder Wave|p1a: Togekiss
|-status|p1a: Togekiss|par
|move|p1a: Togekiss|Roost|p1a: Togekiss
|-heal|p1a: Togekiss|100/100 par
|-singleturn|p1a: Togekiss|move: Roost
|
|upkeep
|turn|27
|
|t:|1639788656
|move|p2a: Xatu|U-turn|p1a: Togekiss
|-resisted|p1a: Togekiss
|-damage|p1a: Togekiss|97/100 par
|
|t:|1639788658
|switch|p2a: Zapdos|Zapdos|91/100|[from]move: U-turn
|-ability|p2a: Zapdos|Pressure
|cant|p1a: Togekiss|par
|
|-heal|p1a: Togekiss|100/100 par|[from] item: Leftovers
|upkeep
|turn|28
|
|t:|1639788663
|move|p2a: Zapdos|Volt Switch|p1a: Togekiss
|-supereffective|p1a: Togekiss
|-damage|p1a: Togekiss|21/100 par
|-damage|p2a: Zapdos|81/100|[from] item: Life Orb
|
|t:|1639788665
|switch|p2a: Nidoqueen|Nidoqueen, F|59/100|[from]move: Volt Switch
|move|p1a: Togekiss|Thunder Wave|p2a: Nidoqueen
|-immune|p2a: Nidoqueen
|
|-heal|p1a: Togekiss|28/100 par|[from] item: Leftovers
|upkeep
|turn|29
|
|t:|1639788670
|move|p2a: Nidoqueen|Fire Blast|p1a: Togekiss|[miss]
|-miss|p2a: Nidoqueen|p1a: Togekiss
|move|p1a: Togekiss|Roost|p1a: Togekiss
|-heal|p1a: Togekiss|78/100 par
|-singleturn|p1a: Togekiss|move: Roost
|
|-heal|p1a: Togekiss|84/100 par|[from] item: Leftovers
|upkeep
|turn|30
|inactive|FavMon=Garchomp has 10 seconds left.
|inactive|Ban Volc Please has 10 seconds left.
|
|t:|1639788677
|move|p2a: Nidoqueen|Fire Blast|p1a: Togekiss
|-damage|p1a: Togekiss|49/100 par
|move|p1a: Togekiss|Thunder Wave|p2a: Nidoqueen
|-immune|p2a: Nidoqueen
|
|-heal|p1a: Togekiss|55/100 par|[from] item: Leftovers
|upkeep
|turn|31
|
|t:|1639788680
|switch|p2a: Zapdos|Zapdos|81/100
|-ability|p2a: Zapdos|Pressure
|move|p1a: Togekiss|Roost|p1a: Togekiss
|-heal|p1a: Togekiss|100/100 par
|-singleturn|p1a: Togekiss|move: Roost
|
|upkeep
|turn|32
|
|t:|1639788683
|move|p2a: Zapdos|Thunderbolt|p1a: Togekiss
|-supereffective|p1a: Togekiss
|-damage|p1a: Togekiss|0 fnt
|faint|p1a: Togekiss
|-damage|p2a: Zapdos|71/100|[from] item: Life Orb
|
|upkeep
|
|t:|1639788686
|switch|p1a: Roserade|Roserade, F|94/100
|-damage|p1a: Roserade|82/100|[from] Stealth Rock
|-damage|p1a: Roserade|70/100|[from] Spikes
|turn|33
|
|t:|1639788690
|switch|p2a: Xatu|Xatu, M|100/100
|move|p1a: Roserade|Hidden Power|p2a: Xatu
|-damage|p2a: Xatu|82/100
|
|-heal|p2a: Xatu|88/100|[from] item: Leftovers
|-heal|p1a: Roserade|76/100|[from] item: Black Sludge
|upkeep
|turn|34
|
|t:|1639788694
|switch|p1a: Steelix|Steelix, M|91/100
|-damage|p1a: Steelix|79/100|[from] Spikes
|-damage|p1a: Steelix|75/100|[from] Stealth Rock
|move|p2a: Xatu|U-turn|p1a: Steelix
|-resisted|p1a: Steelix
|-damage|p1a: Steelix|73/100
|
|t:|1639788695
|switch|p2a: Victini|Victini|49/100|[from]move: U-turn
|
|-heal|p1a: Steelix|79/100|[from] item: Leftovers
|upkeep
|turn|35
|c|☆Ban Volc Please|gg
|
|t:|1639788698
|move|p2a: Victini|V-create|p1a: Steelix
|-supereffective|p1a: Steelix
|-damage|p1a: Steelix|0 fnt
|-unboost|p2a: Victini|spe|1
|-unboost|p2a: Victini|def|1
|-unboost|p2a: Victini|spd|1
|faint|p1a: Steelix
|-damage|p2a: Victini|39/100|[from] item: Life Orb
|
|upkeep
|
|t:|1639788701
|switch|p1a: Roserade|Roserade, F|76/100
|-damage|p1a: Roserade|63/100|[from] Stealth Rock
|-damage|p1a: Roserade|51/100|[from] Spikes
|turn|36
|
|t:|1639788703
|move|p2a: Victini|V-create|p1a: Roserade
|-supereffective|p1a: Roserade
|-damage|p1a: Roserade|0 fnt
|-unboost|p2a: Victini|spe|1
|-unboost|p2a: Victini|def|1
|-unboost|p2a: Victini|spd|1
|faint|p1a: Roserade
|-damage|p2a: Victini|29/100|[from] item: Life Orb
|
|win|Ban Volc Please
|n|☆FavMon=Garchomp|favmongarchomp
|n|☆Ban Volc Please|banvolcplease
|n| BB-8-NU|bb8nu
|n| susciety|susciety
|n| popsnot|popsnot
|n| Testing39159|testing39159
|n|+Waves|waves
