|j|☆Sensualiti
|j|☆Lyssandrox 112
|t:|1621916020
|gametype|singles
|player|p1|Sensualiti|n|
|player|p2|Lyssandrox 112|saturn|
|teamsize|p1|6
|teamsize|p2|6
|gen|5
|tier|[Gen 5] LC
|rule|Species Clause: Limit one of each Pokémon
|rule|OHKO Clause: OHKO moves are banned
|rule|Moody Clause: Moody is banned
|rule|Evasion Moves Clause: Evasion moves are banned
|rule|Endless Battle Clause: Forcing endless battles is banned
|rule|HP Percentage Mod: HP is shown in percentages
|rule|Sleep Clause: Sleep-inducing moves are banned
|clearpoke
|poke|p1|Abra, L5, M|item
|poke|p1|Sandile, L5, M|item
|poke|p1|Axew, L5, F|item
|poke|p1|Aipom, L5, M|item
|poke|p1|Archen, L5, M|item
|poke|p1|Beldum, L5|item
|poke|p2|Munchlax, L5, M|item
|poke|p2|Abra, L5, F|item
|poke|p2|Axew, L5, F|item
|poke|p2|Litwick, L5, F|item
|poke|p2|Chinchou, L5, F|item
|poke|p2|Ferroseed, L5, F|item
|teampreview
|j| Rektrainer
|
|t:|1621916047
|start
|switch|p1a: Archen|Archen, L5, M|100/100
|switch|p2a: Chinchou|Chinchou, L5, F|100/100
|turn|1
|
|t:|1621916056
|switch|p2a: Litwick|Litwick, L5, F|100/100
|-item|p2a: Litwick|Air Balloon
|move|p1a: Archen|Earthquake|p2a: Litwick
|-immune|p2a: Litwick
|
|upkeep
|turn|2
|
|t:|1621916074
|switch|p1a: Aipom|Aipom, L5, M|100/100
|move|p2a: Litwick|Will-O-Wisp|p1a: Aipom
|-status|p1a: Aipom|brn
|
|-damage|p1a: Aipom|92/100 brn|[from] brn
|upkeep
|turn|3
|
|t:|1621916091
|switch|p2a: Axew|Axew, L5, F|100/100
|-ability|p2a: Axew|Mold Breaker
|move|p1a: Aipom|Knock Off|p2a: Axew
|-damage|p2a: Axew|96/100
|-enditem|p2a: Axew|Focus Sash|[from] move: Knock Off|[of] p1a: Aipom
|
|-damage|p1a: Aipom|83/100 brn|[from] brn
|upkeep
|turn|4
|
|t:|1621916101
|move|p1a: Aipom|Ice Punch|p2a: Axew
|-supereffective|p2a: Axew
|-damage|p2a: Axew|43/100
|move|p2a: Axew|Dragon Dance|p2a: Axew
|-boost|p2a: Axew|atk|1
|-boost|p2a: Axew|spe|1
|
|-damage|p1a: Aipom|74/100 brn|[from] brn
|upkeep
|turn|5
|
|t:|1621916110
|move|p2a: Axew|Dragon Claw|p1a: Aipom
|-damage|p1a: Aipom|0 fnt
|faint|p1a: Aipom
|
|upkeep
|
|t:|1621916131
|switch|p1a: Sandile|Sandile, L5, M|100/100
|-ability|p1a: Sandile|Intimidate|boost
|-unboost|p2a: Axew|atk|1
|turn|6
|
|t:|1621916136
|move|p1a: Sandile|Earthquake|p2a: Axew
|-damage|p2a: Axew|0 fnt
|faint|p2a: Axew
|
|upkeep
|
|t:|1621916141
|switch|p2a: Litwick|Litwick, L5, F|100/100
|-item|p2a: Litwick|Air Balloon
|turn|7
|
|t:|1621916146
|switch|p1a: Beldum|Beldum, L5|100/100
|move|p2a: Litwick|Will-O-Wisp|p1a: Beldum
|-status|p1a: Beldum|brn
|
|-damage|p1a: Beldum|90/100 brn|[from] brn
|upkeep
|turn|8
|
|t:|1621916154
|switch|p2a: Ferroseed|Ferroseed, L5, F|100/100
|move|p1a: Beldum|Iron Head|p2a: Ferroseed
|-resisted|p2a: Ferroseed
|-damage|p2a: Ferroseed|95/100
|-damage|p1a: Beldum|80/100 brn|[from] ability: Iron Barbs|[of] p2a: Ferroseed
|
|-heal|p2a: Ferroseed|100/100|[from] item: Leftovers
|-damage|p1a: Beldum|70/100 brn|[from] brn
|upkeep
|turn|9
|
|t:|1621916167
|switch|p1a: Archen|Archen, L5, M|100/100
|move|p2a: Ferroseed|Curse|p2a: Ferroseed
|-unboost|p2a: Ferroseed|spe|1
|-boost|p2a: Ferroseed|atk|1
|-boost|p2a: Ferroseed|def|1
|
|upkeep
|turn|10
|
|t:|1621916190
|move|p1a: Archen|Earthquake|p2a: Ferroseed
|-damage|p2a: Ferroseed|60/100
|move|p2a: Ferroseed|Gyro Ball|p1a: Archen
|-supereffective|p1a: Archen
|-damage|p1a: Archen|0 fnt
|faint|p1a: Archen
|
|-heal|p2a: Ferroseed|65/100|[from] item: Leftovers
|upkeep
|
|t:|1621916196
|switch|p1a: Sandile|Sandile, L5, M|100/100
|-ability|p1a: Sandile|Intimidate|boost
|-unboost|p2a: Ferroseed|atk|1
|turn|11
|
|t:|1621916202
|move|p1a: Sandile|Fire Fang|p2a: Ferroseed
|-supereffective|p2a: Ferroseed
|-damage|p2a: Ferroseed|5/100
|-damage|p1a: Sandile|91/100|[from] ability: Iron Barbs|[of] p2a: Ferroseed
|move|p2a: Ferroseed|Seed Bomb|p1a: Sandile
|-supereffective|p1a: Sandile
|-crit|p1a: Sandile
|-damage|p1a: Sandile|0 fnt
|faint|p1a: Sandile
|
|-heal|p2a: Ferroseed|10/100|[from] item: Leftovers
|upkeep
|
|t:|1621916221
|switch|p1a: Axew|Axew, L5, F|100/100
|turn|12
|
|t:|1621916224
|move|p1a: Axew|Dragon Dance|p1a: Axew
|-boost|p1a: Axew|atk|1
|-boost|p1a: Axew|spe|1
|move|p2a: Ferroseed|Gyro Ball|p1a: Axew
|-damage|p1a: Axew|19/100
|
|-heal|p2a: Ferroseed|15/100|[from] item: Leftovers
|upkeep
|turn|13
|
|t:|1621916234
|move|p1a: Axew|Outrage|p2a: Ferroseed
|-resisted|p2a: Ferroseed
|-damage|p2a: Ferroseed|0 fnt
|-damage|p1a: Axew|10/100|[from] ability: Iron Barbs|[of] p2a: Ferroseed
|faint|p2a: Ferroseed
|
|upkeep
|
|t:|1621916246
|switch|p2a: Munchlax|Munchlax, L5, M|100/100
|turn|14
|
|t:|1621916250
|move|p1a: Axew|Outrage|p2a: Munchlax|[from]lockedmove
|-damage|p2a: Munchlax|37/100
|move|p2a: Munchlax|Earthquake|p1a: Axew
|-damage|p1a: Axew|0 fnt
|faint|p1a: Axew
|
|upkeep
|
|t:|1621916256
|switch|p1a: Abra|Abra, L5, M|100/100
|turn|15
|
|t:|1621916263
|move|p1a: Abra|Psychic|p2a: Munchlax
|-damage|p2a: Munchlax|7/100
|move|p2a: Munchlax|Rest|p2a: Munchlax
|-status|p2a: Munchlax|slp|[from] move: Rest
|-heal|p2a: Munchlax|100/100 slp|[silent]
|
|upkeep
|turn|16
|
|t:|1621916271
|move|p1a: Abra|Psychic|p2a: Munchlax
|-damage|p2a: Munchlax|70/100 slp
|cant|p2a: Munchlax|slp
|move|p2a: Munchlax|Sleep Talk|p2a: Munchlax
|move|p2a: Munchlax|Earthquake|p1a: Abra|[from]move: Sleep Talk
|-damage|p1a: Abra|0 fnt
|faint|p1a: Abra
|
|upkeep
|
|t:|1621916279
|switch|p1a: Beldum|Beldum, L5|70/100 brn
|turn|17
|
|t:|1621916282
|move|p1a: Beldum|Iron Head|p2a: Munchlax
|-damage|p2a: Munchlax|60/100 slp
|cant|p2a: Munchlax|slp
|cant|p2a: Munchlax|flinch
|
|-damage|p1a: Beldum|60/100 brn|[from] brn
|upkeep
|turn|18
|
|t:|1621916291
|move|p1a: Beldum|Iron Head|p2a: Munchlax
|-damage|p2a: Munchlax|50/100 slp
|-curestatus|p2a: Munchlax|slp|[msg]
|move|p2a: Munchlax|Earthquake|p1a: Beldum
|-supereffective|p1a: Beldum
|-damage|p1a: Beldum|0 fnt
|faint|p1a: Beldum
|
|win|Lyssandrox 112
