|j|☆Art Imitates Me
|j|☆skdjfhaldjkfasdf
|t:|1631572660
|gametype|singles
|player|p1|Art Imitates Me|richboy-gen4|
|player|p2|skdjfhaldjkfasdf|acetrainercouple|
|teamsize|p1|6
|teamsize|p2|6
|gen|5
|tier|[Gen 5] UU
|rated|Tournament battle
|rule|Species Clause: Limit one of each Pokémon
|rule|OHKO Clause: OHKO moves are banned
|rule|Moody Clause: Moody is banned
|rule|Evasion Moves Clause: Evasion moves are banned
|rule|Endless Battle Clause: Forcing endless battles is banned
|rule|HP Percentage Mod: HP is shown in percentages
|rule|Evasion Abilities Clause: Evasion abilities are banned
|rule|Baton Pass Clause: Limit one Baton Passer, can't pass Spe and other stats simultaneously
|rule|Swagger Clause: Swagger is banned
|rule|Sleep Clause Mod: Limit one foe put to sleep
|clearpoke
|poke|p1|Bronzong|item
|poke|p1|Dusclops, M|item
|poke|p1|Alomomola, M|item
|poke|p1|Snorlax, F|item
|poke|p1|Garbodor, M|item
|poke|p1|Drapion, M|item
|poke|p2|Cobalion|item
|poke|p2|Heracross, M|item
|poke|p2|Flygon, M|item
|poke|p2|Swampert, F|item
|poke|p2|Togekiss, M|item
|poke|p2|Mismagius, M|item
|teampreview
|j| blackkaiser
|inactive|Battle timer is ON: inactive players will automatically lose when time's up. (requested by Art Imitates Me)
|j| hdfgfgrd
|
|t:|1631572680
|start
|switch|p1a: Broken Cowbell|Bronzong, shiny|100/100
|switch|p2a: Swampert|Swampert, F|100/100
|turn|1
|
|t:|1631572690
|move|p2a: Swampert|Scald|p1a: Broken Cowbell
|-damage|p1a: Broken Cowbell|85/100
|move|p1a: Broken Cowbell|Toxic|p2a: Swampert
|-status|p2a: Swampert|tox
|
|-heal|p1a: Broken Cowbell|91/100|[from] item: Leftovers
|-damage|p2a: Swampert|94/100 tox|[from] psn
|upkeep
|turn|2
|
|t:|1631572693
|move|p2a: Swampert|Scald|p1a: Broken Cowbell
|-damage|p1a: Broken Cowbell|73/100
|-status|p1a: Broken Cowbell|brn
|move|p1a: Broken Cowbell|Stealth Rock|p2a: Swampert
|-sidestart|p2: skdjfhaldjkfasdf|move: Stealth Rock
|
|-heal|p2a: Swampert|100/100 tox|[from] item: Leftovers
|-heal|p1a: Broken Cowbell|79/100 brn|[from] item: Leftovers
|-damage|p2a: Swampert|88/100 tox|[from] psn
|-damage|p1a: Broken Cowbell|66/100 brn|[from] brn
|upkeep
|turn|3
|
|t:|1631572716
|move|p2a: Swampert|Stealth Rock|p1a: Broken Cowbell
|-sidestart|p1: Art Imitates Me|move: Stealth Rock
|move|p1a: Broken Cowbell|Earthquake|p2a: Swampert
|-damage|p2a: Swampert|81/100 tox
|
|-heal|p2a: Swampert|87/100 tox|[from] item: Leftovers
|-heal|p1a: Broken Cowbell|73/100 brn|[from] item: Leftovers
|-damage|p2a: Swampert|69/100 tox|[from] psn
|-damage|p1a: Broken Cowbell|60/100 brn|[from] brn
|upkeep
|turn|4
|j| faded love
|
|t:|1631572736
|switch|p2a: Cobalion|Cobalion|100/100
|-damage|p2a: Cobalion|97/100|[from] Stealth Rock
|move|p1a: Broken Cowbell|Earthquake|p2a: Cobalion
|-supereffective|p2a: Cobalion
|-damage|p2a: Cobalion|80/100
|
|-heal|p2a: Cobalion|86/100|[from] item: Leftovers
|-heal|p1a: Broken Cowbell|66/100 brn|[from] item: Leftovers
|-damage|p1a: Broken Cowbell|54/100 brn|[from] brn
|upkeep
|turn|5
|
|t:|1631572749
|switch|p2a: Togekiss|Togekiss, M|100/100
|-damage|p2a: Togekiss|76/100|[from] Stealth Rock
|switch|p1a: Purple Hearted|Alomomola, M, shiny|100/100
|-damage|p1a: Purple Hearted|88/100|[from] Stealth Rock
|
|-heal|p2a: Togekiss|82/100|[from] item: Leftovers
|upkeep
|turn|6
|
|t:|1631572753
|move|p1a: Purple Hearted|Protect|p1a: Purple Hearted
|-singleturn|p1a: Purple Hearted|Protect
|move|p2a: Togekiss|Air Slash|p1a: Purple Hearted
|-activate|p1a: Purple Hearted|move: Protect
|
|-heal|p2a: Togekiss|88/100|[from] item: Leftovers
|upkeep
|turn|7
|
|t:|1631572759
|switch|p1a: Broken Cowbell|Bronzong, shiny|54/100 brn
|-damage|p1a: Broken Cowbell|48/100 brn|[from] Stealth Rock
|move|p2a: Togekiss|Air Slash|p1a: Broken Cowbell
|-resisted|p1a: Broken Cowbell
|-damage|p1a: Broken Cowbell|36/100 brn
|
|-heal|p2a: Togekiss|94/100|[from] item: Leftovers
|-heal|p1a: Broken Cowbell|43/100 brn|[from] item: Leftovers
|-damage|p1a: Broken Cowbell|30/100 brn|[from] brn
|upkeep
|turn|8
|
|t:|1631572764
|switch|p2a: Cobalion|Cobalion|86/100
|-damage|p2a: Cobalion|83/100|[from] Stealth Rock
|move|p1a: Broken Cowbell|Toxic|p2a: Cobalion
|-immune|p2a: Cobalion
|
|-heal|p2a: Cobalion|89/100|[from] item: Leftovers
|-heal|p1a: Broken Cowbell|36/100 brn|[from] item: Leftovers
|-damage|p1a: Broken Cowbell|24/100 brn|[from] brn
|upkeep
|turn|9
|
|t:|1631572767
|switch|p1a: Purple Hearted|Alomomola, M, shiny|100/100
|-damage|p1a: Purple Hearted|88/100|[from] Stealth Rock
|move|p2a: Cobalion|Swords Dance|p2a: Cobalion
|-boost|p2a: Cobalion|atk|2
|
|-heal|p2a: Cobalion|95/100|[from] item: Leftovers
|upkeep
|turn|10
|
|t:|1631572771
|move|p2a: Cobalion|Close Combat|p1a: Purple Hearted
|-damage|p1a: Purple Hearted|36/100
|-unboost|p2a: Cobalion|def|1
|-unboost|p2a: Cobalion|spd|1
|-damage|p2a: Cobalion|79/100|[from] item: Rocky Helmet|[of] p1a: Purple Hearted
|move|p1a: Purple Hearted|Scald|p2a: Cobalion
|-damage|p2a: Cobalion|51/100
|-status|p2a: Cobalion|brn
|
|-heal|p2a: Cobalion|57/100 brn|[from] item: Leftovers
|-damage|p2a: Cobalion|44/100 brn|[from] brn
|upkeep
|turn|11
|l| hdfgfgrd
|
|t:|1631572784
|switch|p2a: Togekiss|Togekiss, M|94/100
|-damage|p2a: Togekiss|69/100|[from] Stealth Rock
|move|p1a: Purple Hearted|Wish|p1a: Purple Hearted
|
|-heal|p2a: Togekiss|75/100|[from] item: Leftovers
|upkeep
|turn|12
|
|t:|1631572788
|move|p1a: Purple Hearted|Protect|p1a: Purple Hearted
|-singleturn|p1a: Purple Hearted|Protect
|move|p2a: Togekiss|Nasty Plot|p2a: Togekiss
|-boost|p2a: Togekiss|spa|2
|
|-heal|p1a: Purple Hearted|86/100|[from] move: Wish|[wisher] Purple Hearted
|-heal|p2a: Togekiss|81/100|[from] item: Leftovers
|upkeep
|turn|13
|
|t:|1631572791
|move|p2a: Togekiss|Air Slash|p1a: Purple Hearted
|-damage|p1a: Purple Hearted|18/100
|cant|p1a: Purple Hearted|flinch
|
|-heal|p2a: Togekiss|88/100|[from] item: Leftovers
|upkeep
|turn|14
|
|t:|1631572807
|move|p1a: Purple Hearted|Protect|p1a: Purple Hearted
|-singleturn|p1a: Purple Hearted|Protect
|move|p2a: Togekiss|Air Slash|p1a: Purple Hearted
|-activate|p1a: Purple Hearted|move: Protect
|
|-heal|p2a: Togekiss|94/100|[from] item: Leftovers
|upkeep
|turn|15
|
|t:|1631572810
|move|p2a: Togekiss|Air Slash|p1a: Purple Hearted
|-damage|p1a: Purple Hearted|0 fnt
|faint|p1a: Purple Hearted
|
|-heal|p2a: Togekiss|99/100|[from] item: Leftovers
|upkeep
|
|t:|1631572812
|switch|p1a: Deformed Scorpion|Drapion, M, shiny|100/100
|-damage|p1a: Deformed Scorpion|88/100|[from] Stealth Rock
|turn|16
|
|t:|1631572816
|move|p1a: Deformed Scorpion|Poison Jab|p2a: Togekiss
|-damage|p2a: Togekiss|67/100
|move|p2a: Togekiss|Thunder Wave|p1a: Deformed Scorpion
|-status|p1a: Deformed Scorpion|par
|
|-heal|p2a: Togekiss|73/100|[from] item: Leftovers
|upkeep
|turn|17
|l| faded love
|c|☆Art Imitates Me|gg
|c|☆skdjfhaldjkfasdf|gg
|-message|Art Imitates Me forfeited.
|
|win|skdjfhaldjkfasdf
|n|☆Art Imitates Me|artimitatesme
|n|☆skdjfhaldjkfasdf|skdjfhaldjkfasdf
|n| blackkaiser|blackkaiser
|l|☆Art Imitates Me
|l|☆skdjfhaldjkfasdf
|l| blackkaiser
