|j|☆KakoLy
|j|☆ItaloPw
|t:|1643999779
|gametype|singles
|player|p1|KakoLy|brendan-gen3|
|player|p2|ItaloPw|maid|
|teamsize|p1|6
|teamsize|p2|6
|gen|5
|tier|[Gen 5] OU
|rule|Species Clause: Limit one of each Pokémon
|rule|OHKO Clause: OHKO moves are banned
|rule|Moody Clause: Moody is banned
|rule|Evasion Moves Clause: Evasion moves are banned
|rule|Endless Battle Clause: Forcing endless battles is banned
|rule|HP Percentage Mod: HP is shown in percentages
|rule|Evasion Abilities Clause: Evasion abilities are banned
|rule|Sleep Clause: Sleep-inducing moves are banned
|rule|Swagger Clause: Swagger is banned
|clearpoke
|poke|p1|Tyranitar, M|item
|poke|p1|Terrakion|item
|poke|p1|Cradily, M|item
|poke|p1|Aerodactyl, M|item
|poke|p1|Aron, L1, M|item
|poke|p1|Excadrill, M|item
|poke|p2|Crustle, F|item
|poke|p2|Regirock|item
|poke|p2|Aerodactyl, F|item
|poke|p2|Rampardos, M|item
|poke|p2|Armaldo, M|item
|poke|p2|Rhyperior, M|item
|teampreview
|c|☆ItaloPw|Ok
|c|☆ItaloPw|To nervoso
|c|☆ItaloPw|Mas bora
|
|t:|1643999801
|start
|switch|p1a: Tyranitar|Tyranitar, M|100/100
|switch|p2a: Crack|Crustle, F, shiny|100/100
|-weather|Sandstorm|[from] ability: Sand Stream|[of] p1a: Tyranitar
|turn|1
|c|☆KakoLy|Eu te trouxe rosas, todas perfumas, mas você é a mais cheirosa
|c|☆KakoLy|😳⚘
|
|t:|1643999826
|move|p1a: Tyranitar|Thunder Wave|p2a: Crack
|-status|p2a: Crack|par
|cant|p2a: Crack|par
|
|-weather|Sandstorm|[upkeep]
|upkeep
|turn|2
|c|☆ItaloPw|🤭
|c|☆ItaloPw|Ai vc quer me fuder
|
|t:|1643999840
|move|p1a: Tyranitar|Stealth Rock|p2a: Crack
|-sidestart|p2: ItaloPw|move: Stealth Rock
|move|p2a: Crack|Stealth Rock|p1a: Tyranitar
|-sidestart|p1: KakoLy|move: Stealth Rock
|
|-weather|Sandstorm|[upkeep]
|upkeep
|turn|3
|c|☆KakoLy|Sim
|c|☆ItaloPw|Ixi
|c|☆KakoLy|Por que tu acha que eu te trouxe rosas?
|c|☆ItaloPw|Coassim kaktos?
|
|t:|1643999862
|switch|p1a: Excadrill|Excadrill, M|100/100
|-damage|p1a: Excadrill|97/100|[from] Stealth Rock
|move|p2a: Crack|Toxic|p1a: Excadrill
|-immune|p1a: Excadrill
|
|-weather|Sandstorm|[upkeep]
|upkeep
|turn|4
|
|t:|1643999872
|move|p1a: Excadrill|Iron Head|p2a: Crack
|-supereffective|p2a: Crack
|-damage|p2a: Crack|34/100 par
|move|p2a: Crack|Counter|p1a: Excadrill
|-damage|p1a: Excadrill|0 fnt
|faint|p1a: Excadrill
|
|-weather|Sandstorm|[upkeep]
|-heal|p2a: Crack|40/100 par|[from] item: Leftovers
|upkeep
|c|☆ItaloPw|,_,
|c|☆KakoLy|Fiz merda
|c|☆ItaloPw|Rlx
|
|t:|1643999891
|switch|p1a: Aron|Aron, L1, M|100/100
|-damage|p1a: Aron|92/100|[from] Stealth Rock
|turn|5
|c|☆ItaloPw|Tu ainda vai me fuder
|
|t:|1643999899
|cant|p2a: Crack|par
|move|p1a: Aron|Endeavor|p2a: Crack
|-damage|p2a: Crack|4/100 par
|-heal|p1a: Aron|100/100|[from] item: Shell Bell|[of] p2a: Crack
|
|-weather|Sandstorm|[upkeep]
|-heal|p2a: Crack|10/100 par|[from] item: Leftovers
|upkeep
|turn|6
|c|☆KakoLy|Na real
|c|☆KakoLy|Nem tanto
|
|t:|1643999912
|move|p1a: Aron|Protect|p1a: Aron
|-singleturn|p1a: Aron|Protect
|move|p2a: Crack|Knock Off|p1a: Aron
|-activate|p1a: Aron|move: Protect
|
|-weather|Sandstorm|[upkeep]
|-heal|p2a: Crack|16/100 par|[from] item: Leftovers
|upkeep
|turn|7
|c|☆ItaloPw|Será?
|
|t:|1643999926
|switch|p1a: Terrakion|Terrakion|100/100
|-damage|p1a: Terrakion|94/100|[from] Stealth Rock
|cant|p2a: Crack|par
|
|-weather|Sandstorm|[upkeep]
|-heal|p2a: Crack|22/100 par|[from] item: Leftovers
|upkeep
|turn|8
|c|☆ItaloPw|Vlw jogo
|
|t:|1643999939
|move|p1a: Terrakion|Close Combat|p2a: Crack
|-damage|p2a: Crack|0 fnt
|-unboost|p1a: Terrakion|def|1
|-unboost|p1a: Terrakion|spd|1
|faint|p2a: Crack
|-damage|p1a: Terrakion|84/100|[from] item: Life Orb
|
|-weather|Sandstorm|[upkeep]
|upkeep
|
|t:|1643999950
|switch|p2a: Rex|Rampardos, M, shiny|100/100
|-damage|p2a: Rex|88/100|[from] Stealth Rock
|-ability|p2a: Rex|Mold Breaker
|turn|9
|l|☆KakoLy
|player|p1|
|c|☆ItaloPw|Kaktos chan?
|j|☆KakoLy
|player|p1|KakoLy|brendan-gen3
|
|t:|1643999980
|move|p2a: Rex|Superpower|p1a: Terrakion
|-supereffective|p1a: Terrakion
|-damage|p1a: Terrakion|0 fnt
|-unboost|p2a: Rex|atk|1
|-unboost|p2a: Rex|def|1
|faint|p1a: Terrakion
|
|-weather|Sandstorm|[upkeep]
|upkeep
|c|☆ItaloPw|A voltou
|c|☆KakoLy|De counter ate eu
|c|☆ItaloPw|Kkkkkkk
|c|☆KakoLy|Enfim
|c|☆KakoLy|Nem tem oque
|c|☆KakoLy|Fazer
|c|☆KakoLy|Brie brie
|c|☆ItaloPw|Será?
|c|☆KakoLy|🦊
|
|t:|1644000015
|switch|p1a: Cradily|Cradily, M|100/100
|-damage|p1a: Cradily|88/100|[from] Stealth Rock
|turn|10
|c|☆ItaloPw|,_, pior q eu n tenho como matar sapoha
|c|☆KakoLy|Claro que tem
|
|t:|1644000064
|switch|p2a: ZA WARUDO|Rhyperior, M, shiny|100/100
|-damage|p2a: ZA WARUDO|94/100|[from] Stealth Rock
|move|p1a: Cradily|Giga Drain|p2a: ZA WARUDO
|-supereffective|p2a: ZA WARUDO
|-damage|p2a: ZA WARUDO|42/100
|-heal|p1a: Cradily|100/100|[from] drain|[of] p2a: ZA WARUDO
|
|-weather|Sandstorm|[upkeep]
|upkeep
|turn|11
|c|☆ItaloPw|Giga drain
|c|☆ItaloPw|mDs
|c|☆KakoLy|Claro
|c|☆ItaloPw|Pensei q ia ser toxic sla
|c|☆KakoLy|Normal
|c|☆ItaloPw|Kcte homem
|
|t:|1644000090
|move|p1a: Cradily|Giga Drain|p2a: ZA WARUDO
|-supereffective|p2a: ZA WARUDO
|-damage|p2a: ZA WARUDO|0 fnt
|faint|p2a: ZA WARUDO
|
|-weather|Sandstorm|[upkeep]
|upkeep
|c|☆KakoLy|Eu sabia que tua ia trocar
|c|☆ItaloPw|Será?
|c|☆KakoLy|Sim
|
|t:|1644000125
|switch|p2a: Seu Armando|Armaldo, M|100/100
|-damage|p2a: Seu Armando|76/100|[from] Stealth Rock
|turn|12
|
|t:|1644000129
|move|p2a: Seu Armando|Brick Break|p1a: Cradily
|-supereffective|p1a: Cradily
|-damage|p1a: Cradily|20/100
|move|p1a: Cradily|Recover|p1a: Cradily
|-heal|p1a: Cradily|70/100
|
|-weather|Sandstorm|[upkeep]
|-heal|p1a: Cradily|76/100|[from] item: Leftovers
|upkeep
|turn|13
|
|t:|1644000135
|switch|p1a: Aerodactyl|Aerodactyl, M|100/100
|-damage|p1a: Aerodactyl|76/100|[from] Stealth Rock
|move|p2a: Seu Armando|Brick Break|p1a: Aerodactyl
|-damage|p1a: Aerodactyl|6/100
|
|-weather|Sandstorm|[upkeep]
|upkeep
|turn|14
|c|☆ItaloPw|É
|c|☆KakoLy|Brie brie
|c|☆KakoLy|🦊
|c|☆ItaloPw|E deu ruim
|
|t:|1644000158
|move|p1a: Aerodactyl|Stone Edge|p2a: Seu Armando
|-supereffective|p2a: Seu Armando
|-damage|p2a: Seu Armando|0 fnt
|faint|p2a: Seu Armando
|
|-weather|Sandstorm|[upkeep]
|upkeep
|
|t:|1644000172
|switch|p2a: O Pedra|Regirock|100/100
|-damage|p2a: O Pedra|88/100|[from] Stealth Rock
|turn|15
|c|☆ItaloPw|Ok
|
|t:|1644000185
|move|p1a: Aerodactyl|Hone Claws|p1a: Aerodactyl
|-boost|p1a: Aerodactyl|atk|1
|-boost|p1a: Aerodactyl|accuracy|1
|move|p2a: O Pedra|Drain Punch|p1a: Aerodactyl
|-damage|p1a: Aerodactyl|0 fnt
|-heal|p2a: O Pedra|91/100|[from] drain|[of] p1a: Aerodactyl
|faint|p1a: Aerodactyl
|
|-weather|Sandstorm|[upkeep]
|-heal|p2a: O Pedra|97/100|[from] item: Leftovers
|upkeep
|
|t:|1644000189
|switch|p1a: Cradily|Cradily, M|76/100
|-damage|p1a: Cradily|64/100|[from] Stealth Rock
|turn|16
|c|☆KakoLy|Brie brie
|c|☆KakoLy|🦊
|c|☆ItaloPw|Como eu odeio esse bicho
|
|t:|1644000216
|switch|p2a: Sobrinha do Vitor|Aerodactyl, F|100/100
|-damage|p2a: Sobrinha do Vitor|76/100|[from] Stealth Rock
|-ability|p2a: Sobrinha do Vitor|Pressure
|move|p1a: Cradily|Toxic|p2a: Sobrinha do Vitor
|-status|p2a: Sobrinha do Vitor|tox
|
|-weather|Sandstorm|[upkeep]
|-heal|p1a: Cradily|70/100|[from] item: Leftovers
|-damage|p2a: Sobrinha do Vitor|70/100 tox|[from] psn
|upkeep
|turn|17
|
|t:|1644000220
|move|p2a: Sobrinha do Vitor|Toxic|p1a: Cradily
|-status|p1a: Cradily|tox
|move|p1a: Cradily|Recover|p1a: Cradily
|-heal|p1a: Cradily|100/100 tox
|
|-weather|Sandstorm|[upkeep]
|-damage|p2a: Sobrinha do Vitor|58/100 tox|[from] psn
|-damage|p1a: Cradily|94/100 tox|[from] psn
|upkeep
|turn|18
|
|t:|1644000226
|move|p2a: Sobrinha do Vitor|Taunt|p1a: Cradily
|-start|p1a: Cradily|move: Taunt
|cant|p1a: Cradily|move: Taunt|Recover
|
|-weather|Sandstorm|[upkeep]
|-heal|p1a: Cradily|100/100 tox|[from] item: Leftovers
|-damage|p2a: Sobrinha do Vitor|39/100 tox|[from] psn
|-damage|p1a: Cradily|88/100 tox|[from] psn
|upkeep
|turn|19
|
|t:|1644000232
|switch|p1a: Tyranitar|Tyranitar, M|100/100
|-damage|p1a: Tyranitar|88/100|[from] Stealth Rock
|move|p2a: Sobrinha do Vitor|Roost|p2a: Sobrinha do Vitor
|-heal|p2a: Sobrinha do Vitor|89/100 tox
|-singleturn|p2a: Sobrinha do Vitor|move: Roost
|
|-weather|Sandstorm|[upkeep]
|-heal|p1a: Tyranitar|94/100|[from] item: Leftovers
|-damage|p2a: Sobrinha do Vitor|65/100 tox|[from] psn
|upkeep
|turn|20
|c|☆KakoLy|Sexo
|
|t:|1644000238
|move|p2a: Sobrinha do Vitor|Toxic|p1a: Tyranitar
|-status|p1a: Tyranitar|tox
|move|p1a: Tyranitar|Stone Edge|p2a: Sobrinha do Vitor|[miss]
|-miss|p1a: Tyranitar|p2a: Sobrinha do Vitor
|
|-weather|Sandstorm|[upkeep]
|-heal|p1a: Tyranitar|100/100 tox|[from] item: Leftovers
|-damage|p2a: Sobrinha do Vitor|35/100 tox|[from] psn
|-damage|p1a: Tyranitar|94/100 tox|[from] psn
|upkeep
|turn|21
|
|t:|1644000246
|move|p2a: Sobrinha do Vitor|Taunt|p1a: Tyranitar
|-start|p1a: Tyranitar|move: Taunt
|move|p1a: Tyranitar|Stone Edge|p2a: Sobrinha do Vitor
|-supereffective|p2a: Sobrinha do Vitor
|-crit|p2a: Sobrinha do Vitor
|-damage|p2a: Sobrinha do Vitor|0 fnt
|faint|p2a: Sobrinha do Vitor
|
|-weather|Sandstorm|[upkeep]
|-heal|p1a: Tyranitar|100/100 tox|[from] item: Leftovers
|-damage|p1a: Tyranitar|88/100 tox|[from] psn
|upkeep
|c|☆KakoLy|Odeio minha vida
|
|t:|1644000256
|switch|p2a: O Pedra|Regirock|97/100
|-damage|p2a: O Pedra|85/100|[from] Stealth Rock
|turn|22
|
|t:|1644000259
|switch|p1a: Cradily|Cradily, M|88/100 tox
|-damage|p1a: Cradily|76/100 tox|[from] Stealth Rock
|move|p2a: O Pedra|Drain Punch|p1a: Cradily
|-supereffective|p1a: Cradily
|-damage|p1a: Cradily|36/100 tox
|-heal|p2a: O Pedra|100/100|[from] drain|[of] p1a: Cradily
|
|-weather|Sandstorm|[upkeep]
|-heal|p1a: Cradily|42/100 tox|[from] item: Leftovers
|-damage|p1a: Cradily|36/100 tox|[from] psn
|upkeep
|turn|23
|
|t:|1644000273
|move|p2a: O Pedra|Drain Punch|p1a: Cradily
|-supereffective|p1a: Cradily
|-damage|p1a: Cradily|0 fnt
|faint|p1a: Cradily
|
|-weather|Sandstorm|[upkeep]
|upkeep
|
|t:|1644000278
|switch|p1a: Tyranitar|Tyranitar, M|88/100 tox
|-damage|p1a: Tyranitar|76/100 tox|[from] Stealth Rock
|turn|24
|
|t:|1644000281
|move|p1a: Tyranitar|Thunder Wave|p2a: O Pedra
|-status|p2a: O Pedra|par
|cant|p2a: O Pedra|par
|
|-weather|Sandstorm|[upkeep]
|-heal|p1a: Tyranitar|82/100 tox|[from] item: Leftovers
|-damage|p1a: Tyranitar|76/100 tox|[from] psn
|upkeep
|turn|25
|
|t:|1644000285
|move|p1a: Tyranitar|Crunch|p2a: O Pedra
|-damage|p2a: O Pedra|82/100 par
|move|p2a: O Pedra|Drain Punch|p1a: Tyranitar
|-supereffective|p1a: Tyranitar
|-damage|p1a: Tyranitar|4/100 tox
|-heal|p2a: O Pedra|100/100 par|[from] drain|[of] p1a: Tyranitar
|
|-weather|Sandstorm|[upkeep]
|-heal|p1a: Tyranitar|11/100 tox|[from] item: Leftovers
|-damage|p1a: Tyranitar|0 fnt|[from] psn
|faint|p1a: Tyranitar
|upkeep
|
|t:|1644000287
|switch|p1a: Aron|Aron, L1, M|100/100
|-damage|p1a: Aron|92/100|[from] Stealth Rock
|turn|26
|c|☆ItaloPw|Deus pai
|c|☆ItaloPw|Ajude me
|
|t:|1644000298
|move|p2a: O Pedra|Drain Punch|p1a: Aron
|-supereffective|p1a: Aron
|-damage|p1a: Aron|0 fnt
|faint|p1a: Aron
|
|win|ItaloPw
|c|☆ItaloPw|Glória
|c|☆KakoLy|Boa
|c|☆ItaloPw|Vlw kalto chan
|c|☆ItaloPw|Te amo safada
|l|☆ItaloPw
|l|☆KakoLy
|j|☆ItaloPw
|player|p2|ItaloPw|maid
