|j|☆skierdude101
|j|☆Bughouse
|t:|1633888602
|gametype|singles
|player|p1|skierdude101|170|
|player|p2|Bughouse|#bughouse|
|teamsize|p1|6
|teamsize|p2|6
|gen|5
|tier|[Gen 5] NU
|rule|Species Clause: Limit one of each Pokémon
|rule|OHKO Clause: OHKO moves are banned
|rule|Moody Clause: Moody is banned
|rule|Evasion Moves Clause: Evasion moves are banned
|rule|Endless Battle Clause: Forcing endless battles is banned
|rule|HP Percentage Mod: HP is shown in percentages
|rule|Evasion Abilities Clause: Evasion abilities are banned
|rule|Baton Pass Clause: Limit one Baton Passer, can't pass Spe and other stats simultaneously
|rule|Swagger Clause: Swagger is banned
|rule|Sleep Clause Mod: Limit one foe put to sleep
|clearpoke
|poke|p1|Gurdurr, F|item
|poke|p1|Garbodor, F|item
|poke|p1|Skuntank, M|item
|poke|p1|Seismitoad, M|item
|poke|p1|Braviary, M|item
|poke|p1|Zebstrika, M|item
|poke|p2|Eelektross, M|item
|poke|p2|Sawsbuck, M|item
|poke|p2|Seismitoad, M|item
|poke|p2|Mandibuzz, F|item
|poke|p2|Garbodor, F|item
|poke|p2|Gardevoir, M|item
|teampreview
|inactive|Battle timer is ON: inactive players will automatically lose when time's up. (requested by skierdude101)
|inactive|skierdude101 has 270 seconds left.
|inactive|Bughouse has 270 seconds left.
|
|t:|1633888649
|start
|switch|p1a: Skuntank|Skuntank, M|100/100
|switch|p2a: REWEL|Seismitoad, M|100/100
|turn|1
|
|t:|1633888657
|move|p1a: Skuntank|Taunt|p2a: REWEL
|-start|p2a: REWEL|move: Taunt
|move|p2a: REWEL|Scald|p1a: Skuntank
|-damage|p1a: Skuntank|75/100
|
|-heal|p1a: Skuntank|81/100|[from] item: Black Sludge
|upkeep
|turn|2
|
|t:|1633888676
|switch|p1a: Seismitoad|Seismitoad, M|100/100
|switch|p2a: DANCE TO IT|Mandibuzz, F|100/100
|
|upkeep
|turn|3
|
|t:|1633888687
|move|p2a: DANCE TO IT|Taunt|p1a: Seismitoad
|-start|p1a: Seismitoad|move: Taunt
|cant|p1a: Seismitoad|move: Taunt|Stealth Rock
|
|upkeep
|turn|4
|c|☆skierdude101|:O
|
|t:|1633888707
|switch|p2a: TIME BOMB|Eelektross, M|100/100
|move|p1a: Seismitoad|Scald|p2a: TIME BOMB
|-damage|p2a: TIME BOMB|74/100
|
|-heal|p2a: TIME BOMB|80/100|[from] item: Leftovers
|upkeep
|turn|5
|
|t:|1633888720
|switch|p1a: Zebstrika|Zebstrika, M, shiny|100/100
|move|p2a: TIME BOMB|U-turn|p1a: Zebstrika
|-damage|p1a: Zebstrika|73/100
|
|t:|1633888733
|switch|p2a: REASONS|Gardevoir, M|100/100|[from]move: U-turn
|-ability|p2a: REASONS|Lightning Rod|[from] ability: Trace|[of] p1a: Zebstrika
|
|upkeep
|turn|6
|inactiveoff|Battle timer is now OFF.
|c|☆skierdude101|might dc
|
|t:|1633888761
|switch|p1a: Skuntank|Skuntank, M|81/100
|move|p2a: REASONS|Trick|p1a: Skuntank
|-activate|p2a: REASONS|move: Trick|[of] p1a: Skuntank
|-item|p1a: Skuntank|Choice Scarf|[from] move: Trick
|-item|p2a: REASONS|Black Sludge|[from] move: Trick
|
|-damage|p2a: REASONS|88/100|[from] item: Black Sludge
|upkeep
|turn|7
|
|t:|1633888777
|move|p1a: Skuntank|Pursuit|p2a: REASONS
|-supereffective|p2a: REASONS
|-damage|p2a: REASONS|29/100
|move|p2a: REASONS|Thunderbolt|p1a: Skuntank
|-crit|p1a: Skuntank
|-damage|p1a: Skuntank|1/100
|
|-damage|p2a: REASONS|17/100|[from] item: Black Sludge
|upkeep
|turn|8
|
|t:|1633888789
|move|p1a: Skuntank|Pursuit|p2a: REASONS
|-supereffective|p2a: REASONS
|-damage|p2a: REASONS|0 fnt
|faint|p2a: REASONS
|
|upkeep
|
|t:|1633888831
|switch|p2a: I REMEMBER|Garbodor, F|100/100
|turn|9
|
|t:|1633888834
|move|p1a: Skuntank|Pursuit|p2a: I REMEMBER
|-damage|p2a: I REMEMBER|84/100
|-damage|p1a: Skuntank|0 fnt|[from] item: Rocky Helmet|[of] p2a: I REMEMBER
|faint|p1a: Skuntank
|move|p2a: I REMEMBER|Spikes|p1: Skuntank
|-sidestart|p1: skierdude101|Spikes
|
|upkeep
|
|t:|1633888845
|switch|p1a: Seismitoad|Seismitoad, M|100/100
|-damage|p1a: Seismitoad|88/100|[from] Spikes
|turn|10
|
|t:|1633888849
|move|p2a: I REMEMBER|Seed Bomb|p1a: Seismitoad
|-supereffective|p1a: Seismitoad
|-damage|p1a: Seismitoad|40/100
|move|p1a: Seismitoad|Stealth Rock|p2a: I REMEMBER
|-sidestart|p2: Bughouse|move: Stealth Rock
|
|-heal|p1a: Seismitoad|46/100|[from] item: Leftovers
|upkeep
|turn|11
|
|t:|1633888864
|move|p2a: I REMEMBER|Seed Bomb|p1a: Seismitoad
|-supereffective|p1a: Seismitoad
|-damage|p1a: Seismitoad|0 fnt
|faint|p1a: Seismitoad
|
|upkeep
|
|t:|1633888867
|switch|p1a: Garbodor|Garbodor, F|100/100
|-damage|p1a: Garbodor|88/100|[from] Spikes
|turn|12
|
|t:|1633888889
|switch|p2a: DANCE TO IT|Mandibuzz, F|100/100
|-damage|p2a: DANCE TO IT|76/100|[from] Stealth Rock
|move|p1a: Garbodor|Spikes|p2a: DANCE TO IT
|-sidestart|p2: Bughouse|Spikes
|
|-heal|p2a: DANCE TO IT|82/100|[from] item: Leftovers
|upkeep
|turn|13
|
|t:|1633888897
|move|p2a: DANCE TO IT|Taunt|p1a: Garbodor
|-start|p1a: Garbodor|move: Taunt
|move|p1a: Garbodor|Gunk Shot|p2a: DANCE TO IT
|-damage|p2a: DANCE TO IT|56/100
|
|-heal|p2a: DANCE TO IT|62/100|[from] item: Leftovers
|upkeep
|turn|14
|
|t:|1633888910
|switch|p1a: Zebstrika|Zebstrika, M, shiny|73/100
|-damage|p1a: Zebstrika|61/100|[from] Spikes
|move|p2a: DANCE TO IT|Roost|p2a: DANCE TO IT
|-heal|p2a: DANCE TO IT|100/100
|-singleturn|p2a: DANCE TO IT|move: Roost
|
|upkeep
|turn|15
|
|t:|1633888922
|move|p1a: Zebstrika|Thunderbolt|p2a: DANCE TO IT
|-supereffective|p2a: DANCE TO IT
|-damage|p2a: DANCE TO IT|32/100
|move|p2a: DANCE TO IT|Roost|p2a: DANCE TO IT
|-heal|p2a: DANCE TO IT|82/100
|-singleturn|p2a: DANCE TO IT|move: Roost
|
|-heal|p2a: DANCE TO IT|88/100|[from] item: Leftovers
|upkeep
|turn|16
|
|t:|1633888931
|switch|p2a: REWEL|Seismitoad, M|100/100
|-damage|p2a: REWEL|88/100|[from] Spikes
|-damage|p2a: REWEL|82/100|[from] Stealth Rock
|move|p1a: Zebstrika|Thunderbolt|p2a: REWEL
|-immune|p2a: REWEL
|
|-heal|p2a: REWEL|88/100|[from] item: Leftovers
|upkeep
|turn|17
|
|t:|1633888934
|move|p1a: Zebstrika|Hidden Power|p2a: REWEL
|-supereffective|p2a: REWEL
|-damage|p2a: REWEL|39/100
|move|p2a: REWEL|Stealth Rock|p1a: Zebstrika
|-sidestart|p1: skierdude101|move: Stealth Rock
|
|-heal|p2a: REWEL|45/100|[from] item: Leftovers
|upkeep
|turn|18
|
|t:|1633888941
|move|p2a: REWEL|Protect|p2a: REWEL
|-singleturn|p2a: REWEL|Protect
|move|p1a: Zebstrika|Hidden Power|p2a: REWEL
|-activate|p2a: REWEL|move: Protect
|
|-heal|p2a: REWEL|52/100|[from] item: Leftovers
|upkeep
|turn|19
|c|☆skierdude101|my god this shits weak
|
|t:|1633888963
|move|p1a: Zebstrika|Hidden Power|p2a: REWEL
|-supereffective|p2a: REWEL
|-damage|p2a: REWEL|3/100
|move|p2a: REWEL|Scald|p1a: Zebstrika
|-damage|p1a: Zebstrika|18/100
|
|-heal|p2a: REWEL|9/100|[from] item: Leftovers
|upkeep
|turn|20
|
|t:|1633888970
|move|p1a: Zebstrika|Hidden Power|p2a: REWEL
|-supereffective|p2a: REWEL
|-damage|p2a: REWEL|0 fnt
|faint|p2a: REWEL
|
|upkeep
|
|t:|1633889064
|switch|p2a: TIME BOMB|Eelektross, M|80/100
|-damage|p2a: TIME BOMB|67/100|[from] Stealth Rock
|turn|21
|
|t:|1633889071
|move|p1a: Zebstrika|Overheat|p2a: TIME BOMB|[miss]
|-miss|p1a: Zebstrika|p2a: TIME BOMB
|move|p2a: TIME BOMB|Flamethrower|p1a: Zebstrika
|-damage|p1a: Zebstrika|0 fnt
|faint|p1a: Zebstrika
|
|-heal|p2a: TIME BOMB|74/100|[from] item: Leftovers
|upkeep
|
|t:|1633889079
|switch|p1a: Garbodor|Garbodor, F|88/100
|-damage|p1a: Garbodor|76/100|[from] Stealth Rock
|-damage|p1a: Garbodor|63/100|[from] Spikes
|turn|22
|
|t:|1633889094
|switch|p2a: DANCE TO IT|Mandibuzz, F|88/100
|-damage|p2a: DANCE TO IT|63/100|[from] Stealth Rock
|move|p1a: Garbodor|Spikes|p2a: DANCE TO IT
|-sidestart|p2: Bughouse|Spikes
|
|-heal|p2a: DANCE TO IT|70/100|[from] item: Leftovers
|upkeep
|turn|23
|
|t:|1633889108
|move|p2a: DANCE TO IT|Foul Play|p1a: Garbodor
|-damage|p1a: Garbodor|39/100
|-damage|p2a: DANCE TO IT|53/100|[from] item: Rocky Helmet|[of] p1a: Garbodor
|move|p1a: Garbodor|Gunk Shot|p2a: DANCE TO IT|[miss]
|-miss|p1a: Garbodor|p2a: DANCE TO IT
|
|-heal|p2a: DANCE TO IT|59/100|[from] item: Leftovers
|upkeep
|turn|24
|
|t:|1633889115
|move|p2a: DANCE TO IT|Roost|p2a: DANCE TO IT
|-heal|p2a: DANCE TO IT|100/100
|-singleturn|p2a: DANCE TO IT|move: Roost
|move|p1a: Garbodor|Pain Split|p2a: DANCE TO IT
|-sethp|p2a: DANCE TO IT|67/100|[from] move: Pain Split|[silent]
|-sethp|p1a: Garbodor|78/100|[from] move: Pain Split
|
|-heal|p2a: DANCE TO IT|73/100|[from] item: Leftovers
|upkeep
|turn|25
|
|t:|1633889126
|move|p2a: DANCE TO IT|Taunt|p1a: Garbodor
|-start|p1a: Garbodor|move: Taunt
|move|p1a: Garbodor|Gunk Shot|p2a: DANCE TO IT
|-crit|p2a: DANCE TO IT
|-damage|p2a: DANCE TO IT|17/100
|-status|p2a: DANCE TO IT|psn
|
|-heal|p2a: DANCE TO IT|23/100 psn|[from] item: Leftovers
|-damage|p2a: DANCE TO IT|10/100 psn|[from] psn
|upkeep
|turn|26
|c|☆skierdude101|oh its 70 acc this gen
|
|t:|1633889158
|move|p2a: DANCE TO IT|Roost|p2a: DANCE TO IT
|-heal|p2a: DANCE TO IT|61/100 psn
|-singleturn|p2a: DANCE TO IT|move: Roost
|move|p1a: Garbodor|Gunk Shot|p2a: DANCE TO IT
|-damage|p2a: DANCE TO IT|33/100 psn
|
|-heal|p2a: DANCE TO IT|40/100 psn|[from] item: Leftovers
|-damage|p2a: DANCE TO IT|27/100 psn|[from] psn
|upkeep
|turn|27
|
|t:|1633889165
|switch|p1a: Gurdurr|Gurdurr, F|100/100
|-damage|p1a: Gurdurr|88/100|[from] Spikes
|-damage|p1a: Gurdurr|82/100|[from] Stealth Rock
|move|p2a: DANCE TO IT|Roost|p2a: DANCE TO IT
|-heal|p2a: DANCE TO IT|77/100 psn
|-singleturn|p2a: DANCE TO IT|move: Roost
|
|-heal|p2a: DANCE TO IT|83/100 psn|[from] item: Leftovers
|-damage|p2a: DANCE TO IT|71/100 psn|[from] psn
|upkeep
|turn|28
|
|t:|1633889179
|switch|p2a: I REMEMBER|Garbodor, F|84/100
|-damage|p2a: I REMEMBER|72/100|[from] Stealth Rock
|-damage|p2a: I REMEMBER|55/100|[from] Spikes
|move|p1a: Gurdurr|Bulk Up|p1a: Gurdurr
|-boost|p1a: Gurdurr|atk|1
|-boost|p1a: Gurdurr|def|1
|
|upkeep
|turn|29
|
|t:|1633889193
|move|p2a: I REMEMBER|Toxic|p1a: Gurdurr
|-status|p1a: Gurdurr|tox
|move|p1a: Gurdurr|Payback|p2a: I REMEMBER
|-damage|p2a: I REMEMBER|0 fnt
|-damage|p1a: Gurdurr|57/100 tox|[from] ability: Aftermath|[of] p2a: I REMEMBER
|-damage|p1a: Gurdurr|41/100 tox|[from] item: Rocky Helmet|[of] p2a: I REMEMBER
|faint|p2a: I REMEMBER
|
|-damage|p1a: Gurdurr|34/100 tox|[from] psn
|upkeep
|
|t:|1633889200
|switch|p2a: TIME BOMB|Eelektross, M|74/100
|-damage|p2a: TIME BOMB|61/100|[from] Stealth Rock
|turn|30
|
|t:|1633889206
|move|p1a: Gurdurr|Mach Punch|p2a: TIME BOMB
|-damage|p2a: TIME BOMB|10/100
|move|p2a: TIME BOMB|Thunderbolt|p1a: Gurdurr
|-damage|p1a: Gurdurr|0 fnt
|faint|p1a: Gurdurr
|
|-heal|p2a: TIME BOMB|16/100|[from] item: Leftovers
|upkeep
|
|t:|1633889233
|switch|p1a: Braviary|Braviary, M, shiny|100/100
|-damage|p1a: Braviary|76/100|[from] Stealth Rock
|turn|31
|
|t:|1633889238
|move|p1a: Braviary|Brave Bird|p2a: TIME BOMB
|-resisted|p2a: TIME BOMB
|-damage|p2a: TIME BOMB|0 fnt
|faint|p2a: TIME BOMB
|-damage|p1a: Braviary|70/100|[from] Recoil
|
|upkeep
|
|t:|1633889243
|switch|p2a: TO THE LIMIT|Sawsbuck, M|100/100
|-damage|p2a: TO THE LIMIT|84/100|[from] Spikes
|-damage|p2a: TO THE LIMIT|72/100|[from] Stealth Rock
|turn|32
|
|t:|1633889248
|switch|p1a: Garbodor|Garbodor, F|78/100
|-damage|p1a: Garbodor|66/100|[from] Spikes
|-damage|p1a: Garbodor|53/100|[from] Stealth Rock
|move|p2a: TO THE LIMIT|Frustration|p1a: Garbodor
|-enditem|p2a: TO THE LIMIT|Normal Gem|[from] gem
|-damage|p1a: Garbodor|5/100
|-damage|p2a: TO THE LIMIT|55/100|[from] item: Rocky Helmet|[of] p1a: Garbodor
|
|upkeep
|turn|33
|
|t:|1633889268
|move|p2a: TO THE LIMIT|Nature Power|p2a: TO THE LIMIT
|move|p2a: TO THE LIMIT|Earthquake|p1a: Garbodor|[from]move: Nature Power
|-supereffective|p1a: Garbodor
|-damage|p1a: Garbodor|0 fnt
|faint|p1a: Garbodor
|
|upkeep
|
|t:|1633889273
|switch|p1a: Braviary|Braviary, M, shiny|70/100
|-damage|p1a: Braviary|45/100|[from] Stealth Rock
|turn|34
|
|t:|1633889283
|move|p1a: Braviary|Brave Bird|p2a: TO THE LIMIT
|-supereffective|p2a: TO THE LIMIT
|-damage|p2a: TO THE LIMIT|0 fnt
|faint|p2a: TO THE LIMIT
|-damage|p1a: Braviary|29/100|[from] Recoil
|
|upkeep
|
|t:|1633889286
|switch|p2a: DANCE TO IT|Mandibuzz, F|71/100 psn
|-damage|p2a: DANCE TO IT|46/100 psn|[from] Stealth Rock
|turn|35
|c|☆Bughouse|i think this is a roll
|c|☆skierdude101|idk
|c|☆skierdude101|i havent calced anything lol
|c|☆skierdude101|mandi is thick
|
|t:|1633889332
|move|p1a: Braviary|Brave Bird|p2a: DANCE TO IT
|-damage|p2a: DANCE TO IT|5/100 psn
|-damage|p1a: Braviary|12/100|[from] Recoil
|move|p2a: DANCE TO IT|Foul Play|p1a: Braviary
|-damage|p1a: Braviary|0 fnt
|faint|p1a: Braviary
|
|win|Bughouse
|c|☆skierdude101|gg
|c|☆Bughouse|gg
