|j|☆Boulicrok
|j|☆brewfasa
|t:|1631822462
|gametype|singles
|player|p1|Boulicrok|102|
|player|p2|brewfasa|jasmine|
|teamsize|p1|6
|teamsize|p2|6
|gen|5
|tier|[Gen 5] LC
|rule|Species Clause: Limit one of each Pokémon
|rule|OHKO Clause: OHKO moves are banned
|rule|Moody Clause: Moody is banned
|rule|Evasion Moves Clause: Evasion moves are banned
|rule|Endless Battle Clause: Forcing endless battles is banned
|rule|HP Percentage Mod: HP is shown in percentages
|rule|Sleep Clause: Sleep-inducing moves are banned
|clearpoke
|poke|p1|Staryu, L5|item
|poke|p1|Mienfoo, L5, F|item
|poke|p1|Natu, L5, F|item
|poke|p1|Diglett, L5, M|item
|poke|p1|Pawniard, L5, F|item
|poke|p1|Budew, L5, M|item
|poke|p2|Hippopotas, L5, F|item
|poke|p2|Pawniard, L5, M|item
|poke|p2|Frillish, L5, M|item
|poke|p2|Budew, L5, F|item
|poke|p2|Carvanha, L5, M|item
|poke|p2|Mienfoo, L5, M|item
|teampreview
|c|☆brewfasa|gl
|c|☆Boulicrok|u2
|j| Albinson
|inactive|Battle timer is ON: inactive players will automatically lose when time's up. (requested by brewfasa)
|inactive|Boulicrok has 270 seconds left.
|j| cielau origine ♫
|inactive|Boulicrok has 240 seconds left.
|
|t:|1631822616
|start
|switch|p1a: Mienfoo|Mienfoo, L5, F|100/100
|switch|p2a: Mienfoo|Mienfoo, L5, M|100/100
|turn|1
|j| CMDoge
|
|t:|1631822622
|move|p1a: Mienfoo|Fake Out|p2a: Mienfoo
|-damage|p2a: Mienfoo|87/100
|cant|p2a: Mienfoo|flinch
|
|upkeep
|turn|2
|j| eric versusツ
|c| CMDoge|we hate Boulicrok
|
|t:|1631822637
|move|p2a: Mienfoo|Knock Off|p1a: Mienfoo
|-resisted|p1a: Mienfoo
|-damage|p1a: Mienfoo|96/100
|-enditem|p1a: Mienfoo|Eviolite|[from] move: Knock Off|[of] p2a: Mienfoo
|move|p1a: Mienfoo|Knock Off|p2a: Mienfoo
|-resisted|p2a: Mienfoo
|-damage|p2a: Mienfoo|82/100
|-enditem|p2a: Mienfoo|Eviolite|[from] move: Knock Off|[of] p1a: Mienfoo
|
|upkeep
|turn|3
|inactive|brewfasa has 270 seconds left.
|l| eric versusツ
|j| Zygarde
|j| Rahul_3301
|inactive|Boulicrok has 270 seconds left.
|inactive|brewfasa has 240 seconds left.
|inactive|Boulicrok has 240 seconds left.
|inactive|brewfasa has 210 seconds left.
|inactive|Boulicrok has 210 seconds left.
|l|☆Boulicrok
|inactive|Boulicrok disconnected and has 300 seconds to reconnect!
|player|p1|
|j|☆Boulicrok
|inactive|Boulicrok reconnected and has 205 seconds left.
|player|p1|Boulicrok|#scl1islanders
|inactive|brewfasa has 180 seconds left.
|inactive|Boulicrok has 180 seconds left.
|l|☆Boulicrok
|inactive|Boulicrok disconnected and has 295 seconds to reconnect!
|player|p1|
|inactive|Boulicrok has 270 seconds to reconnect!
|c| Rahul_3301|oop
|inactive|Boulicrok has 240 seconds to reconnect!
|j|☆Boulicrok
|inactive|Boulicrok reconnected and has 175 seconds left.
|player|p1|Boulicrok|#scl1islanders
|l|☆Boulicrok
|inactive|Boulicrok disconnected and has 235 seconds to reconnect!
|player|p1|
|c| CMDoge|oh
|j|☆Boulicrok
|inactive|Boulicrok reconnected and has 165 seconds left.
|player|p1|Boulicrok|#scl1islanders
|c| CMDoge|he is lagging
|inactive|Boulicrok has 150 seconds left.
|l| Rahul_3301
|inactive|Boulicrok has 120 seconds left.
|j| Rahul_3301
|inactive|Boulicrok has 90 seconds left.
|
|t:|1631822942
|switch|p2a: Hippopotas|Hippopotas, L5, F|100/100
|-weather|Sandstorm|[from] ability: Sand Stream|[of] p2a: Hippopotas
|move|p1a: Mienfoo|U-turn|p2a: Hippopotas
|-damage|p2a: Hippopotas|84/100
|
|t:|1631822950
|switch|p1a: Budew|Budew, L5, M|100/100|[from]move: U-turn
|
|-weather|Sandstorm|[upkeep]
|-damage|p1a: Budew|96/100|[from] Sandstorm
|upkeep
|turn|4
|inactive|Boulicrok has 90 seconds left.
|inactive|brewfasa has 180 seconds left.
|
|t:|1631822982
|move|p1a: Budew|Spikes|p2a: Hippopotas
|-sidestart|p2: brewfasa|Spikes
|move|p2a: Hippopotas|Stealth Rock|p1a: Budew
|-sidestart|p1: Boulicrok|move: Stealth Rock
|
|-weather|Sandstorm|[upkeep]
|-damage|p1a: Budew|91/100|[from] Sandstorm
|upkeep
|turn|5
|inactive|brewfasa has 150 seconds left.
|
|t:|1631823008
|switch|p2a: Pawniard|Pawniard, L5, M|100/100
|-damage|p2a: Pawniard|91/100|[from] Spikes
|move|p1a: Budew|Giga Drain|p2a: Pawniard
|-resisted|p2a: Pawniard
|-damage|p2a: Pawniard|77/100
|-heal|p1a: Budew|100/100|[from] drain|[of] p2a: Pawniard
|
|-weather|Sandstorm|[upkeep]
|-damage|p1a: Budew|96/100|[from] Sandstorm
|upkeep
|turn|6
|inactive|brewfasa has 150 seconds left.
|j| jcbc
|inactive|Boulicrok has 90 seconds left.
|
|t:|1631823028
|switch|p1a: Mienfoo|Mienfoo, L5, F|100/100
|-damage|p1a: Mienfoo|96/100|[from] Stealth Rock
|move|p2a: Pawniard|Iron Head|p1a: Mienfoo
|-damage|p1a: Mienfoo|41/100
|
|-weather|Sandstorm|[upkeep]
|-damage|p1a: Mienfoo|37/100|[from] Sandstorm
|upkeep
|turn|7
|inactive|brewfasa has 150 seconds left.
|
|t:|1631823041
|move|p1a: Mienfoo|Fake Out|p2a: Pawniard
|-resisted|p2a: Pawniard
|-damage|p2a: Pawniard|72/100
|cant|p2a: Pawniard|flinch
|
|-weather|Sandstorm|[upkeep]
|-damage|p1a: Mienfoo|32/100|[from] Sandstorm
|upkeep
|turn|8
|inactive|brewfasa has 150 seconds left.
|
|t:|1631823047
|switch|p1a: Pawniard|Pawniard, L5, F|100/100
|-damage|p1a: Pawniard|96/100|[from] Stealth Rock
|move|p2a: Pawniard|Knock Off|p1a: Pawniard
|-resisted|p1a: Pawniard
|-crit|p1a: Pawniard
|-damage|p1a: Pawniard|91/100
|-enditem|p1a: Pawniard|Eviolite|[from] move: Knock Off|[of] p2a: Pawniard
|
|-weather|Sandstorm|[upkeep]
|upkeep
|turn|9
|j| Gold Guns Girls
|inactive|brewfasa has 150 seconds left.
|
|t:|1631823061
|switch|p2a: Mienfoo|Mienfoo, L5, M|100/100
|-damage|p2a: Mienfoo|91/100|[from] Spikes
|move|p1a: Pawniard|Stealth Rock|p2a: Mienfoo
|-sidestart|p2: brewfasa|move: Stealth Rock
|
|-weather|Sandstorm|[upkeep]
|-damage|p2a: Mienfoo|87/100|[from] Sandstorm
|upkeep
|turn|10
|
|t:|1631823070
|switch|p1a: Budew|Budew, L5, M|96/100
|-damage|p1a: Budew|86/100|[from] Stealth Rock
|move|p2a: Mienfoo|U-turn|p1a: Budew
|-damage|p1a: Budew|62/100
|inactive|brewfasa has 150 seconds left.
|j| TuCocaEraTalco
|l| jcbc
|inactive|brewfasa has 120 seconds left.
|j| jcbc
|
|t:|1631823130
|switch|p2a: Carvanha|Carvanha, L5, M|100/100|[from]move: U-turn
|-damage|p2a: Carvanha|90/100|[from] Spikes
|-damage|p2a: Carvanha|79/100|[from] Stealth Rock
|
|-weather|Sandstorm|[upkeep]
|-damage|p2a: Carvanha|74/100|[from] Sandstorm
|-damage|p1a: Budew|58/100|[from] Sandstorm
|upkeep
|turn|11
|
|t:|1631823138
|move|p2a: Carvanha|Ice Beam|p1a: Budew
|-supereffective|p1a: Budew
|-damage|p1a: Budew|0 fnt
|faint|p1a: Budew
|-damage|p2a: Carvanha|69/100|[from] item: Life Orb
|
|-weather|Sandstorm|[upkeep]
|-damage|p2a: Carvanha|64/100|[from] Sandstorm
|-ability|p2a: Carvanha|Speed Boost|boost
|-boost|p2a: Carvanha|spe|1
|upkeep
|
|t:|1631823147
|switch|p1a: Pawniard|Pawniard, L5, F|91/100
|-damage|p1a: Pawniard|86/100|[from] Stealth Rock
|turn|12
|inactive|brewfasa has 120 seconds left.
|j| Surfy
|
|t:|1631823180
|-activate|p2a: Carvanha|move: Pursuit
|move|p1a: Pawniard|Pursuit|p2a: Carvanha|[from]Pursuit
|-resisted|p2a: Carvanha
|-damage|p2a: Carvanha|16/100
|switch|p2a: Mienfoo|Mienfoo, L5, M|100/100
|-damage|p2a: Mienfoo|96/100|[from] Stealth Rock
|-damage|p2a: Mienfoo|87/100|[from] Spikes
|
|-weather|Sandstorm|[upkeep]
|-damage|p2a: Mienfoo|82/100|[from] Sandstorm
|upkeep
|turn|13
|inactive|brewfasa has 90 seconds left.
|
|t:|1631823197
|switch|p1a: Mienfoo|Mienfoo, L5, F|64/100
|-damage|p1a: Mienfoo|60/100|[from] Stealth Rock
|move|p2a: Mienfoo|High Jump Kick|p1a: Mienfoo
|-damage|p1a: Mienfoo|0 fnt
|faint|p1a: Mienfoo
|
|-weather|Sandstorm|[upkeep]
|-damage|p2a: Mienfoo|78/100|[from] Sandstorm
|upkeep
|j| eric versusツ
|l| jcbc
|inactive|Boulicrok has 120 seconds left.
|
|t:|1631823226
|switch|p1a: Diglett|Diglett, L5, M|100/100
|-damage|p1a: Diglett|95/100|[from] Stealth Rock
|turn|14
|inactive|brewfasa has 90 seconds left.
|
|t:|1631823246
|move|p1a: Diglett|Earthquake|p2a: Mienfoo
|-damage|p2a: Mienfoo|5/100
|-damage|p1a: Diglett|89/100|[from] item: Life Orb
|move|p2a: Mienfoo|U-turn|p1a: Diglett
|-damage|p1a: Diglett|34/100
|inactive|brewfasa has 90 seconds left.
|inactive|brewfasa has 60 seconds left.
|
|t:|1631823295
|switch|p2a: Frillish|Frillish, L5, M|100/100|[from]move: U-turn
|-damage|p2a: Frillish|88/100|[from] Stealth Rock
|-damage|p2a: Frillish|75/100|[from] Spikes
|
|-weather|Sandstorm|[upkeep]
|-damage|p2a: Frillish|71/100|[from] Sandstorm
|upkeep
|turn|15
|inactive|Boulicrok has 120 seconds left.
|
|t:|1631823324
|move|p1a: Diglett|Earthquake|p2a: Frillish
|-damage|p2a: Frillish|21/100
|-start|p1a: Diglett|Disable|Earthquake|[from] ability: Cursed Body|[of] p2a: Frillish
|-damage|p1a: Diglett|28/100|[from] item: Life Orb
|move|p2a: Frillish|Recover|p2a: Frillish
|-heal|p2a: Frillish|71/100
|
|-weather|Sandstorm|[upkeep]
|-damage|p2a: Frillish|67/100|[from] Sandstorm
|upkeep
|turn|16
|inactive|Boulicrok has 120 seconds left.
|
|t:|1631823334
|move|p1a: Diglett|Beat Up|p2a: Frillish
|-supereffective|p2a: Frillish
|-damage|p2a: Frillish|55/100
|-supereffective|p2a: Frillish
|-damage|p2a: Frillish|42/100
|-supereffective|p2a: Frillish
|-damage|p2a: Frillish|30/100
|-supereffective|p2a: Frillish
|-damage|p2a: Frillish|17/100
|-hitcount|p2a: Frillish|4
|-damage|p1a: Diglett|23/100|[from] item: Life Orb
|move|p2a: Frillish|Recover|p2a: Frillish
|-heal|p2a: Frillish|67/100
|
|-weather|Sandstorm|[upkeep]
|-damage|p2a: Frillish|63/100|[from] Sandstorm
|upkeep
|turn|17
|c| Zygarde|f
|inactive|brewfasa has 60 seconds left.
|inactive|Boulicrok has 120 seconds left.
|
|t:|1631823362
|move|p1a: Diglett|Beat Up|p2a: Frillish
|-supereffective|p2a: Frillish
|-damage|p2a: Frillish|50/100
|-supereffective|p2a: Frillish
|-damage|p2a: Frillish|38/100
|-supereffective|p2a: Frillish
|-damage|p2a: Frillish|25/100
|-supereffective|p2a: Frillish
|-damage|p2a: Frillish|13/100
|-hitcount|p2a: Frillish|4
|-damage|p1a: Diglett|17/100|[from] item: Life Orb
|move|p2a: Frillish|Recover|p2a: Frillish
|-heal|p2a: Frillish|63/100
|
|-weather|Sandstorm|[upkeep]
|-damage|p2a: Frillish|59/100|[from] Sandstorm
|upkeep
|turn|18
|inactive|brewfasa has 30 seconds left.
|inactive|brewfasa has 20 seconds left.
|
|t:|1631823403
|move|p1a: Diglett|Beat Up|p2a: Frillish
|-supereffective|p2a: Frillish
|-damage|p2a: Frillish|46/100
|-supereffective|p2a: Frillish
|-damage|p2a: Frillish|34/100
|-supereffective|p2a: Frillish
|-damage|p2a: Frillish|21/100
|-supereffective|p2a: Frillish
|-damage|p2a: Frillish|9/100
|-hitcount|p2a: Frillish|4
|-damage|p1a: Diglett|12/100|[from] item: Life Orb
|move|p2a: Frillish|Recover|p2a: Frillish
|-heal|p2a: Frillish|59/100
|
|-weather|Sandstorm|[upkeep]
|-damage|p2a: Frillish|55/100|[from] Sandstorm
|-end|p1a: Diglett|Disable
|upkeep
|turn|19
|inactive|brewfasa has 30 seconds left this turn.
|inactive|brewfasa has 20 seconds left.
|
|t:|1631823417
|move|p1a: Diglett|Earthquake|p2a: Frillish
|-damage|p2a: Frillish|5/100
|-damage|p1a: Diglett|6/100|[from] item: Life Orb
|move|p2a: Frillish|Scald|p1a: Diglett
|-supereffective|p1a: Diglett
|-damage|p1a: Diglett|0 fnt
|faint|p1a: Diglett
|
|-weather|Sandstorm|[upkeep]
|-damage|p2a: Frillish|0 fnt|[from] Sandstorm
|faint|p2a: Frillish
|upkeep
|inactive|brewfasa has 30 seconds left this turn.
|inactive|brewfasa has 20 seconds left.
|
|t:|1631823439
|switch|p1a: Staryu|Staryu, L5|100/100
|switch|p2a: Mienfoo|Mienfoo, L5, M|37/100
|-damage|p1a: Staryu|90/100|[from] Stealth Rock
|-damage|p2a: Mienfoo|28/100|[from] Spikes
|-damage|p2a: Mienfoo|23/100|[from] Stealth Rock
|turn|20
|inactive|brewfasa has 30 seconds left this turn.
|
|t:|1631823447
|move|p2a: Mienfoo|Fake Out|p1a: Staryu
|-damage|p1a: Staryu|75/100
|cant|p1a: Staryu|flinch
|
|-weather|Sandstorm|[upkeep]
|-damage|p1a: Staryu|70/100|[from] Sandstorm
|-damage|p2a: Mienfoo|19/100|[from] Sandstorm
|upkeep
|turn|21
|inactive|brewfasa has 30 seconds left.
|inactive|brewfasa has 20 seconds left.
|
|t:|1631823464
|switch|p2a: Budew|Budew, L5, F|100/100
|-damage|p2a: Budew|92/100|[from] Stealth Rock
|-damage|p2a: Budew|83/100|[from] Spikes
|move|p1a: Staryu|Scald|p2a: Budew
|-resisted|p2a: Budew
|-damage|p2a: Budew|70/100
|-status|p2a: Budew|brn
|
|-weather|Sandstorm|[upkeep]
|-damage|p1a: Staryu|65/100|[from] Sandstorm
|-damage|p2a: Budew|66/100 brn|[from] Sandstorm
|-damage|p2a: Budew|57/100 brn|[from] brn
|upkeep
|turn|22
|inactive|brewfasa has 30 seconds left this turn.
|j| Alkione
|inactive|brewfasa has 20 seconds left.
|
|t:|1631823482
|move|p1a: Staryu|Psychic|p2a: Budew
|-supereffective|p2a: Budew
|-damage|p2a: Budew|5/100 brn
|move|p2a: Budew|Giga Drain|p1a: Staryu
|-supereffective|p1a: Staryu
|-damage|p1a: Staryu|0 fnt
|-heal|p2a: Budew|35/100 brn|[from] drain|[of] p1a: Staryu
|faint|p1a: Staryu
|
|-weather|Sandstorm|[upkeep]
|-damage|p2a: Budew|31/100 brn|[from] Sandstorm
|-damage|p2a: Budew|22/100 brn|[from] brn
|upkeep
|inactive|brewfasa has 25 seconds left this turn.
|
|t:|1631823487
|switch|p1a: Natu|Natu, L5, F|100/100
|-damage|p1a: Natu|77/100|[from] Stealth Rock
|turn|23
|c| Alkione|Goat Budew
|inactive|brewfasa has 30 seconds left.
|
|t:|1631823497
|move|p1a: Natu|Psychic|p2a: Budew
|-supereffective|p2a: Budew
|-crit|p2a: Budew
|-damage|p2a: Budew|0 fnt
|faint|p2a: Budew
|
|-weather|Sandstorm|[upkeep]
|-damage|p1a: Natu|72/100|[from] Sandstorm
|upkeep
|inactive|brewfasa has 30 seconds left.
|
|t:|1631823504
|switch|p2a: Pawniard|Pawniard, L5, M|72/100
|-damage|p2a: Pawniard|62/100|[from] Spikes
|-damage|p2a: Pawniard|58/100|[from] Stealth Rock
|turn|24
|inactive|Boulicrok has 120 seconds left.
|inactive|brewfasa has 30 seconds left.
|
|t:|1631823527
|move|p1a: Natu|Heat Wave|p2a: Pawniard
|-supereffective|p2a: Pawniard
|-damage|p2a: Pawniard|0 fnt
|faint|p2a: Pawniard
|
|-weather|Sandstorm|[upkeep]
|-damage|p1a: Natu|67/100|[from] Sandstorm
|upkeep
|inactive|brewfasa has 30 seconds left.
|
|t:|1631823541
|switch|p2a: Hippopotas|Hippopotas, L5, F|84/100
|-damage|p2a: Hippopotas|72/100|[from] Spikes
|-damage|p2a: Hippopotas|68/100|[from] Stealth Rock
|turn|25
|inactive|brewfasa has 30 seconds left.
|
|t:|1631823550
|move|p1a: Natu|Psychic|p2a: Hippopotas
|-damage|p2a: Hippopotas|32/100
|move|p2a: Hippopotas|Slack Off|p2a: Hippopotas
|-heal|p2a: Hippopotas|84/100
|
|-weather|Sandstorm|[upkeep]
|-damage|p1a: Natu|62/100|[from] Sandstorm
|upkeep
|turn|26
|inactive|brewfasa has 30 seconds left.
|
|t:|1631823562
|move|p1a: Natu|Calm Mind|p1a: Natu
|-boost|p1a: Natu|spa|1
|-boost|p1a: Natu|spd|1
|move|p2a: Hippopotas|Crunch|p1a: Natu
|-supereffective|p1a: Natu
|-damage|p1a: Natu|15/100
|
|-weather|Sandstorm|[upkeep]
|-damage|p1a: Natu|10/100|[from] Sandstorm
|upkeep
|turn|27
|inactive|brewfasa has 30 seconds left.
|inactive|brewfasa has 20 seconds left.
|
|t:|1631823589
|move|p1a: Natu|Psychic|p2a: Hippopotas
|-damage|p2a: Hippopotas|32/100
|move|p2a: Hippopotas|Slack Off|p2a: Hippopotas
|-heal|p2a: Hippopotas|84/100
|
|-weather|Sandstorm|[upkeep]
|-damage|p1a: Natu|5/100|[from] Sandstorm
|upkeep
|turn|28
|inactive|brewfasa has 30 seconds left this turn.
|inactive|brewfasa has 20 seconds left.
|inactive|brewfasa has 15 seconds left.
|
|t:|1631823604
|move|p1a: Natu|Roost|p1a: Natu
|-heal|p1a: Natu|58/100
|-singleturn|p1a: Natu|move: Roost
|move|p2a: Hippopotas|Slack Off|p2a: Hippopotas
|-heal|p2a: Hippopotas|100/100
|
|-weather|Sandstorm|[upkeep]
|-damage|p1a: Natu|53/100|[from] Sandstorm
|upkeep
|turn|29
|inactive|brewfasa has 25 seconds left this turn.
|inactive|brewfasa has 20 seconds left.
|
|t:|1631823612
|move|p1a: Natu|Roost|p1a: Natu
|-heal|p1a: Natu|100/100
|-singleturn|p1a: Natu|move: Roost
|move|p2a: Hippopotas|Crunch|p1a: Natu
|-supereffective|p1a: Natu
|-damage|p1a: Natu|53/100
|-unboost|p1a: Natu|def|1
|
|-weather|Sandstorm|[upkeep]
|-damage|p1a: Natu|48/100|[from] Sandstorm
|upkeep
|turn|30
|inactive|brewfasa has 30 seconds left this turn.
|inactive|Boulicrok has 150 seconds left.
|l| Rahul_3301
|
|t:|1631823622
|move|p1a: Natu|Psychic|p2a: Hippopotas
|-damage|p2a: Hippopotas|52/100
|move|p2a: Hippopotas|Crunch|p1a: Natu
|-supereffective|p1a: Natu
|-damage|p1a: Natu|0 fnt
|faint|p1a: Natu
|
|-weather|Sandstorm|[upkeep]
|upkeep
|inactive|brewfasa has 30 seconds left this turn.
|
|t:|1631823624
|switch|p1a: Pawniard|Pawniard, L5, F|86/100
|-damage|p1a: Pawniard|81/100|[from] Stealth Rock
|turn|31
|inactive|Boulicrok has 150 seconds left.
|c|☆Boulicrok|ok maybe i can get this one please :pray:
|
|t:|1631823646
|move|p1a: Pawniard|Iron Head|p2a: Hippopotas
|-damage|p2a: Hippopotas|24/100
|move|p2a: Hippopotas|Earthquake|p1a: Pawniard
|-supereffective|p1a: Pawniard
|-damage|p1a: Pawniard|0 fnt
|faint|p1a: Pawniard
|
|win|brewfasa
|c|☆Boulicrok|gg
|c| Zygarde|nyooo
|c|☆brewfasa|gg
|l| Surfy
|l| Albinson
|l| eric versusツ
|l| Zygarde
|l| Alkione
