|j|☆NUND BAP
|j|☆Ladder Luc
|t:|1637767255
|gametype|singles
|player|p1|NUND BAP|unknownf|
|player|p2|Ladder Luc|riley|
|teamsize|p1|6
|teamsize|p2|6
|gen|5
|tier|[Gen 5] NU
|rated|Tournament battle
|rule|Species Clause: Limit one of each Pokémon
|rule|OHKO Clause: OHKO moves are banned
|rule|Moody Clause: Moody is banned
|rule|Evasion Moves Clause: Evasion moves are banned
|rule|Endless Battle Clause: Forcing endless battles is banned
|rule|HP Percentage Mod: HP is shown in percentages
|rule|Evasion Abilities Clause: Evasion abilities are banned
|rule|Swagger Clause: Swagger is banned
|rule|Baton Pass Clause: Limit one Baton Passer, can't pass Spe and other stats simultaneously
|rule|Sleep Clause Mod: Limit one foe put to sleep
|clearpoke
|poke|p1|Garbodor, F|item
|poke|p1|Carracosta, F|item
|poke|p1|Skuntank, M|item
|poke|p1|Piloswine, M|item
|poke|p1|Serperior, M|item
|poke|p1|Misdreavus, M|item
|poke|p2|Primeape, M|item
|poke|p2|Alomomola, M|item
|poke|p2|Skuntank, M|item
|poke|p2|Piloswine, M|item
|poke|p2|Garbodor, F|item
|poke|p2|Misdreavus, M|item
|teampreview
|j|*BB-8-NU
|inactive|Battle timer is ON: inactive players will automatically lose when time's up. (requested by Ladder Luc)
|c|☆Ladder Luc|glhf
|inactive|NUND BAP has 120 seconds left.
|j| Links
|c|☆NUND BAP|hf mate
|
|t:|1637767306
|start
|switch|p1a: STREET LEVEL|Misdreavus, M|100/100
|switch|p2a: Piloswine|Piloswine, M|100/100
|turn|1
|c| Links|Severe lack of Duosion in this tour zzz
|c|☆NUND BAP|real
|
|t:|1637767321
|move|p1a: STREET LEVEL|Will-O-Wisp|p2a: Piloswine
|-status|p2a: Piloswine|brn
|move|p2a: Piloswine|Toxic|p1a: STREET LEVEL
|-status|p1a: STREET LEVEL|tox
|
|-damage|p1a: STREET LEVEL|94/100 tox|[from] psn
|-damage|p2a: Piloswine|88/100 brn|[from] brn
|upkeep
|turn|2
|
|t:|1637767328
|switch|p1a: BOZO|Piloswine, M|100/100
|move|p2a: Piloswine|Stealth Rock|p1a: BOZO
|-sidestart|p1: NUND BAP|move: Stealth Rock
|
|-damage|p2a: Piloswine|76/100 brn|[from] brn
|upkeep
|turn|3
|
|t:|1637767334
|move|p2a: Piloswine|Toxic|p1a: BOZO
|-status|p1a: BOZO|tox
|move|p1a: BOZO|Stealth Rock|p2a: Piloswine
|-sidestart|p2: Ladder Luc|move: Stealth Rock
|
|-damage|p1a: BOZO|94/100 tox|[from] psn
|-damage|p2a: Piloswine|63/100 brn|[from] brn
|upkeep
|turn|4
|c|☆Ladder Luc|theres a lack of garbodor it seems
|
|t:|1637767361
|switch|p1a: SLUMLORD|Garbodor, F, shiny|100/100
|-damage|p1a: SLUMLORD|88/100|[from] Stealth Rock
|move|p2a: Piloswine|Earthquake|p1a: SLUMLORD
|-supereffective|p1a: SLUMLORD
|-enditem|p1a: SLUMLORD|Shuca Berry|[eat]
|-enditem|p1a: SLUMLORD|Shuca Berry|[weaken]
|-damage|p1a: SLUMLORD|64/100
|
|-damage|p2a: Piloswine|51/100 brn|[from] brn
|upkeep
|turn|5
|j| NUND BS
|l| NUND BS
|
|t:|1637767372
|switch|p2a: Misdreavus|Misdreavus, M|100/100
|-damage|p2a: Misdreavus|88/100|[from] Stealth Rock
|move|p1a: SLUMLORD|Spikes|p2a: Misdreavus
|-sidestart|p2: Ladder Luc|Spikes
|
|upkeep
|turn|6
|
|t:|1637767375
|move|p2a: Misdreavus|Taunt|p1a: SLUMLORD
|-start|p1a: SLUMLORD|move: Taunt
|cant|p1a: SLUMLORD|move: Taunt|Toxic
|
|upkeep
|turn|7
|
|t:|1637767379
|switch|p1a: TECHNO CLIQUE|Skuntank, M|100/100
|-damage|p1a: TECHNO CLIQUE|88/100|[from] Stealth Rock
|move|p2a: Misdreavus|Thunderbolt|p1a: TECHNO CLIQUE
|-damage|p1a: TECHNO CLIQUE|49/100
|
|upkeep
|turn|8
|c| Links|Uppity
|
|t:|1637767386
|switch|p2a: Piloswine|Piloswine, M|51/100 brn
|-damage|p2a: Piloswine|38/100 brn|[from] Stealth Rock
|-damage|p2a: Piloswine|26/100 brn|[from] Spikes
|move|p1a: TECHNO CLIQUE|Crunch|p2a: Piloswine
|-damage|p2a: Piloswine|0 fnt
|faint|p2a: Piloswine
|-damage|p1a: TECHNO CLIQUE|40/100|[from] item: Life Orb
|
|upkeep
|
|t:|1637767389
|switch|p2a: Primeape|Primeape, M|100/100
|-damage|p2a: Primeape|88/100|[from] Spikes
|-damage|p2a: Primeape|82/100|[from] Stealth Rock
|turn|9
|
|t:|1637767397
|move|p2a: Primeape|U-turn|p1a: TECHNO CLIQUE
|-damage|p1a: TECHNO CLIQUE|0 fnt
|-damage|p2a: Primeape|58/100|[from] ability: Aftermath|[of] p1a: TECHNO CLIQUE
|faint|p1a: TECHNO CLIQUE
|
|t:|1637767402
|switch|p2a: Skuntank|Skuntank, M|100/100|[from]move: U-turn
|-damage|p2a: Skuntank|88/100|[from] Stealth Rock
|-damage|p2a: Skuntank|76/100|[from] Spikes
|
|upkeep
|
|t:|1637767411
|switch|p1a: BOZO|Piloswine, M|94/100 tox
|-damage|p1a: BOZO|82/100 tox|[from] Stealth Rock
|turn|10
|
|t:|1637767416
|switch|p2a: Alomomola|Alomomola, M|100/100
|-damage|p2a: Alomomola|88/100|[from] Stealth Rock
|-damage|p2a: Alomomola|76/100|[from] Spikes
|move|p1a: BOZO|Roar|p2a: Alomomola
|drag|p2a: Misdreavus|Misdreavus, M|88/100
|-damage|p2a: Misdreavus|76/100|[from] Stealth Rock
|
|-damage|p1a: BOZO|76/100 tox|[from] psn
|upkeep
|turn|11
|j| forestcave
|
|t:|1637767429
|switch|p1a: C'EST LA VIE|Serperior, M, shiny|100/100
|-damage|p1a: C'EST LA VIE|88/100|[from] Stealth Rock
|move|p2a: Misdreavus|Nasty Plot|p2a: Misdreavus
|-boost|p2a: Misdreavus|spa|2
|
|upkeep
|turn|12
|
|t:|1637767454
|move|p1a: C'EST LA VIE|Calm Mind|p1a: C'EST LA VIE
|-boost|p1a: C'EST LA VIE|spa|1
|-boost|p1a: C'EST LA VIE|spd|1
|move|p2a: Misdreavus|Taunt|p1a: C'EST LA VIE
|-start|p1a: C'EST LA VIE|move: Taunt
|
|upkeep
|turn|13
|
|t:|1637767457
|move|p1a: C'EST LA VIE|Giga Drain|p2a: Misdreavus
|-damage|p2a: Misdreavus|27/100
|-heal|p1a: C'EST LA VIE|100/100|[from] drain|[of] p2a: Misdreavus
|-damage|p1a: C'EST LA VIE|91/100|[from] item: Life Orb
|move|p2a: Misdreavus|Shadow Ball|p1a: C'EST LA VIE
|-damage|p1a: C'EST LA VIE|42/100
|
|upkeep
|turn|14
|
|t:|1637767469
|switch|p2a: Garbodor|Garbodor, F|100/100
|-damage|p2a: Garbodor|88/100|[from] Stealth Rock
|-damage|p2a: Garbodor|76/100|[from] Spikes
|move|p1a: C'EST LA VIE|Hidden Power|p2a: Garbodor
|-damage|p2a: Garbodor|37/100
|-damage|p1a: C'EST LA VIE|32/100|[from] item: Life Orb
|
|upkeep
|turn|15
|
|t:|1637767477
|move|p2a: Garbodor|Gunk Shot|p1a: C'EST LA VIE|[miss]
|-miss|p2a: Garbodor|p1a: C'EST LA VIE
|move|p1a: C'EST LA VIE|Hidden Power|p2a: Garbodor
|-damage|p2a: Garbodor|0 fnt
|faint|p2a: Garbodor
|-damage|p1a: C'EST LA VIE|22/100|[from] item: Life Orb
|
|-end|p1a: C'EST LA VIE|move: Taunt
|upkeep
|
|t:|1637767481
|switch|p2a: Skuntank|Skuntank, M|76/100
|-damage|p2a: Skuntank|63/100|[from] Stealth Rock
|-damage|p2a: Skuntank|51/100|[from] Spikes
|turn|16
|
|t:|1637767486
|move|p2a: Skuntank|Sucker Punch||[still]
|-fail|p2a: Skuntank
|move|p1a: C'EST LA VIE|Taunt|p2a: Skuntank
|-start|p2a: Skuntank|move: Taunt
|
|upkeep
|turn|17
|
|t:|1637767490
|move|p2a: Skuntank|Sucker Punch|p1a: C'EST LA VIE
|-damage|p1a: C'EST LA VIE|0 fnt
|faint|p1a: C'EST LA VIE
|
|upkeep
|
|t:|1637767496
|switch|p1a: 61 CYGNI AVE|Carracosta, F|100/100
|-damage|p1a: 61 CYGNI AVE|88/100|[from] Stealth Rock
|turn|18
|j|#poh
|
|t:|1637767516
|move|p2a: Skuntank|Crunch|p1a: 61 CYGNI AVE
|-damage|p1a: 61 CYGNI AVE|54/100
|move|p1a: 61 CYGNI AVE|Shell Smash|p1a: 61 CYGNI AVE
|-unboost|p1a: 61 CYGNI AVE|def|1
|-unboost|p1a: 61 CYGNI AVE|spd|1
|-boost|p1a: 61 CYGNI AVE|atk|2
|-boost|p1a: 61 CYGNI AVE|spa|2
|-boost|p1a: 61 CYGNI AVE|spe|2
|
|upkeep
|turn|19
|l| forestcave
|inactive|NUND BAP has 120 seconds left.
|
|t:|1637767566
|move|p1a: 61 CYGNI AVE|Aqua Jet|p2a: Skuntank
|-damage|p2a: Skuntank|0 fnt
|-damage|p1a: 61 CYGNI AVE|30/100|[from] ability: Aftermath|[of] p2a: Skuntank
|faint|p2a: Skuntank
|
|upkeep
|
|t:|1637767570
|switch|p2a: Alomomola|Alomomola, M|100/100
|-damage|p2a: Alomomola|88/100|[from] Stealth Rock
|-damage|p2a: Alomomola|76/100|[from] Spikes
|turn|20
|inactive|NUND BAP has 90 seconds left.
|
|t:|1637767603
|move|p1a: 61 CYGNI AVE|Stone Edge|p2a: Alomomola
|-crit|p2a: Alomomola
|-damage|p2a: Alomomola|0 fnt
|faint|p2a: Alomomola
|
|upkeep
|
|t:|1637767607
|switch|p2a: Primeape|Primeape, M|58/100
|-damage|p2a: Primeape|52/100|[from] Stealth Rock
|-damage|p2a: Primeape|40/100|[from] Spikes
|turn|21
|c|☆Ladder Luc|gg
|inactive|NUND BAP has 90 seconds left.
|c|☆NUND BAP|sry for the edge crit
|c|☆NUND BAP|gunk miss didnt really matter as costa set up on garb
|l|#poh
|c|☆NUND BAP|scarf garb
|c|☆NUND BAP|after
|c|☆NUND BAP|but the edge crit sucks
|c|☆NUND BAP|cuz ur phys def i assume?
|c|☆Ladder Luc|y
|inactive|NUND BAP has 60 seconds left.
|c|☆NUND BAP|yea it wouldve done max 56.8
|c| Links|Unfort
|
|t:|1637767666
|move|p1a: 61 CYGNI AVE|Aqua Jet|p2a: Primeape
|-damage|p2a: Primeape|0 fnt
|faint|p2a: Primeape
|
|upkeep
|
|t:|1637767670
|switch|p2a: Misdreavus|Misdreavus, M|27/100
|-damage|p2a: Misdreavus|14/100|[from] Stealth Rock
|turn|22
|inactive|NUND BAP has 60 seconds left.
|c|☆NUND BAP|but my misdreavus + garbodor still won i think
|c|☆NUND BAP|cuz i have toxic on garb too
|
|t:|1637767692
|move|p1a: 61 CYGNI AVE|Aqua Jet|p2a: Misdreavus
|-damage|p2a: Misdreavus|0 fnt
|faint|p2a: Misdreavus
|
|win|NUND BAP
|n|☆NUND BAP|nundbap
|n|☆Ladder Luc|ladderluc
|n| BB-8-NU|bb8nu
|n| Links|links
|l| BB-8-NU
