|j|☆Shmebnor
|j|☆galarian sparrow
|t:|1642839407
|gametype|singles
|player|p1|Shmebnor|hiker-gen4|
|player|p2|galarian sparrow|caitlin|
|teamsize|p1|6
|teamsize|p2|6
|gen|5
|tier|[Gen 5] UU
|rule|Species Clause: Limit one of each Pokémon
|rule|OHKO Clause: OHKO moves are banned
|rule|Moody Clause: Moody is banned
|rule|Evasion Moves Clause: Evasion moves are banned
|rule|Endless Battle Clause: Forcing endless battles is banned
|rule|HP Percentage Mod: HP is shown in percentages
|rule|Evasion Abilities Clause: Evasion abilities are banned
|rule|Swagger Clause: Swagger is banned
|rule|Sleep Clause Mod: Limit one foe put to sleep
|clearpoke
|poke|p1|Roserade, F|item
|poke|p1|Snorlax, M|item
|poke|p1|Shaymin|item
|poke|p1|Swampert, M|item
|poke|p1|Sharpedo, F|item
|poke|p1|Scrafty, M|item
|poke|p2|Uxie|item
|poke|p2|Hitmonlee, M|item
|poke|p2|Sharpedo, F|item
|poke|p2|Mismagius, F|item
|poke|p2|Tangrowth, F|item
|poke|p2|Nidoking, M|item
|teampreview
|inactive|Battle timer is ON: inactive players will automatically lose when time's up. (requested by galarian sparrow)
|
|t:|1642839442
|start
|switch|p1a: Roserade|Roserade, F|100/100
|switch|p2a: Uxie|Uxie|100/100
|turn|1
|inactive|galarian sparrow has 270 seconds left.
|
|t:|1642839474
|move|p1a: Roserade|Spikes|p2a: Uxie
|-sidestart|p2: galarian sparrow|Spikes
|move|p2a: Uxie|Light Screen|p2a: Uxie
|-sidestart|p2: galarian sparrow|move: Light Screen
|
|upkeep
|turn|2
|
|t:|1642839484
|switch|p1a: Snorlax|Snorlax, M|100/100
|move|p2a: Uxie|Reflect|p2a: Uxie
|-sidestart|p2: galarian sparrow|Reflect
|
|upkeep
|turn|3
|
|t:|1642839489
|move|p2a: Uxie|U-turn|p1a: Snorlax
|-damage|p1a: Snorlax|87/100
|-activate|p2a: Uxie|move: Pursuit
|move|p1a: Snorlax|Pursuit|p2a: Uxie|[from]Pursuit
|-supereffective|p2a: Uxie
|-damage|p2a: Uxie|75/100
|
|t:|1642839492
|switch|p2a: Hitmonlee|Hitmonlee, M|100/100|[from]move: U-turn
|-damage|p2a: Hitmonlee|88/100|[from] Spikes
|
|upkeep
|turn|4
|
|t:|1642839500
|switch|p1a: Swampert|Swampert, M|100/100
|move|p2a: Hitmonlee|High Jump Kick|p1a: Swampert
|-crit|p1a: Swampert
|-damage|p1a: Swampert|0 fnt
|faint|p1a: Swampert
|-damage|p2a: Hitmonlee|78/100|[from] item: Life Orb
|
|upkeep
|
|t:|1642839508
|switch|p1a: Shaymin|Shaymin|100/100
|turn|5
|inactive|Shmebnor has 270 seconds left.
|
|t:|1642839563
|move|p1a: Shaymin|Air Slash|p2a: Hitmonlee
|-supereffective|p2a: Hitmonlee
|-damage|p2a: Hitmonlee|49/100
|cant|p2a: Hitmonlee|flinch
|
|upkeep
|turn|6
|c|☆Shmebnor|jeezzus
|c|☆galarian sparrow|Yikes
|c|☆Shmebnor|bulky
|c|☆galarian sparrow|Nope no investment
|inactive|galarian sparrow has 270 seconds left.
|c|☆Shmebnor|does so little
|
|t:|1642839611
|switch|p2a: Uxie|Uxie|75/100
|move|p1a: Shaymin|Air Slash|p2a: Uxie|[miss]
|-miss|p1a: Shaymin|p2a: Uxie
|
|upkeep
|turn|7
|inactive|Shmebnor has 270 seconds left.
|
|t:|1642839632
|switch|p1a: Sharpedo|Sharpedo, F|100/100
|move|p2a: Uxie|Yawn|p1a: Sharpedo
|-start|p1a: Sharpedo|move: Yawn|[of] p2a: Uxie
|
|upkeep
|turn|8
|inactive|galarian sparrow has 270 seconds left.
|
|t:|1642839639
|switch|p1a: Scrafty|Scrafty, M|100/100
|move|p2a: Uxie|U-turn|p1a: Scrafty
|-damage|p1a: Scrafty|86/100
|inactive|galarian sparrow has 270 seconds left.
|
|t:|1642839644
|switch|p2a: Hitmonlee|Hitmonlee, M|49/100|[from]move: U-turn
|-damage|p2a: Hitmonlee|37/100|[from] Spikes
|
|-heal|p1a: Scrafty|92/100|[from] item: Leftovers
|-sideend|p2: galarian sparrow|move: Light Screen
|upkeep
|turn|9
|
|t:|1642839647
|move|p1a: Scrafty|Protect|p1a: Scrafty
|-singleturn|p1a: Scrafty|Protect
|move|p2a: Hitmonlee|High Jump Kick|p1a: Scrafty
|-activate|p1a: Scrafty|move: Protect
|-damage|p2a: Hitmonlee|0 fnt|[from] highjumpkick
|faint|p2a: Hitmonlee
|
|-heal|p1a: Scrafty|98/100|[from] item: Leftovers
|-sideend|p2: galarian sparrow|Reflect
|upkeep
|c|☆galarian sparrow|Lol
|c|☆Shmebnor|ez
|c|☆galarian sparrow|Obviously
|c|☆galarian sparrow|surprise
|inactive|galarian sparrow has 270 seconds left.
|c|☆Shmebnor|half the battle
|
|t:|1642839682
|switch|p2a: Nidoking|Nidoking, M|100/100
|-damage|p2a: Nidoking|88/100|[from] Spikes
|turn|10
|
|t:|1642839696
|switch|p1a: Snorlax|Snorlax, M|87/100
|move|p2a: Nidoking|Earth Power|p1a: Snorlax
|-damage|p1a: Snorlax|56/100
|
|upkeep
|turn|11
|
|t:|1642839719
|-activate|p2a: Nidoking|move: Pursuit
|move|p1a: Snorlax|Pursuit|p2a: Nidoking|[from]Pursuit
|-damage|p2a: Nidoking|31/100
|switch|p2a: Mismagius|Mismagius, F|100/100
|
|upkeep
|turn|12
|
|t:|1642839725
|move|p2a: Mismagius|Substitute|p2a: Mismagius
|-start|p2a: Mismagius|Substitute
|-damage|p2a: Mismagius|76/100
|move|p1a: Snorlax|Pursuit|p2a: Mismagius
|-supereffective|p2a: Mismagius
|-end|p2a: Mismagius|Substitute
|
|-heal|p2a: Mismagius|82/100|[from] item: Leftovers
|upkeep
|turn|13
|
|t:|1642839741
|move|p2a: Mismagius|Hidden Power|p1a: Snorlax
|-supereffective|p1a: Snorlax
|-damage|p1a: Snorlax|34/100
|move|p1a: Snorlax|Pursuit|p2a: Mismagius
|-supereffective|p2a: Mismagius
|-damage|p2a: Mismagius|0 fnt
|faint|p2a: Mismagius
|
|upkeep
|inactive|galarian sparrow has 240 seconds left.
|
|t:|1642839759
|switch|p2a: Sharpedo|Sharpedo, F|100/100
|-damage|p2a: Sharpedo|88/100|[from] Spikes
|turn|14
|
|t:|1642839771
|move|p2a: Sharpedo|Waterfall|p1a: Snorlax
|-damage|p1a: Snorlax|0 fnt
|faint|p1a: Snorlax
|
|-ability|p2a: Sharpedo|Speed Boost|boost
|-boost|p2a: Sharpedo|spe|1
|upkeep
|
|t:|1642839777
|switch|p1a: Shaymin|Shaymin|100/100
|turn|15
|
|t:|1642839788
|switch|p2a: Tangrowth|Tangrowth, F|100/100
|-damage|p2a: Tangrowth|88/100|[from] Spikes
|move|p1a: Shaymin|Seed Flare|p2a: Tangrowth
|-resisted|p2a: Tangrowth
|-damage|p2a: Tangrowth|61/100
|
|-heal|p2a: Tangrowth|68/100|[from] item: Leftovers
|upkeep
|turn|16
|
|t:|1642839794
|switch|p1a: Roserade|Roserade, F|100/100
|move|p2a: Tangrowth|Knock Off|p1a: Roserade
|-damage|p1a: Roserade|91/100
|-enditem|p1a: Roserade|Focus Sash|[from] move: Knock Off|[of] p2a: Tangrowth
|
|-heal|p2a: Tangrowth|74/100|[from] item: Leftovers
|upkeep
|turn|17
|
|t:|1642839815
|switch|p2a: Uxie|Uxie|75/100
|move|p1a: Roserade|Hidden Power|p2a: Uxie
|-damage|p2a: Uxie|58/100
|
|upkeep
|turn|18
|
|t:|1642839825
|move|p1a: Roserade|Spikes|p2a: Uxie
|-sidestart|p2: galarian sparrow|Spikes
|move|p2a: Uxie|Light Screen|p2a: Uxie
|-sidestart|p2: galarian sparrow|move: Light Screen
|
|upkeep
|turn|19
|
|t:|1642839829
|move|p1a: Roserade|Spikes|p2a: Uxie
|-sidestart|p2: galarian sparrow|Spikes
|move|p2a: Uxie|Reflect|p2a: Uxie
|-sidestart|p2: galarian sparrow|Reflect
|
|upkeep
|turn|20
|
|t:|1642839835
|move|p1a: Roserade|Sludge Bomb|p2a: Uxie
|-damage|p2a: Uxie|40/100
|move|p2a: Uxie|U-turn|p1a: Roserade
|-damage|p1a: Roserade|66/100
|
|t:|1642839847
|switch|p2a: Sharpedo|Sharpedo, F|88/100|[from]move: U-turn
|-damage|p2a: Sharpedo|63/100|[from] Spikes
|
|upkeep
|turn|21
|
|t:|1642839857
|switch|p1a: Shaymin|Shaymin|100/100
|move|p2a: Sharpedo|Crunch|p1a: Shaymin
|-damage|p1a: Shaymin|32/100
|
|-ability|p2a: Sharpedo|Speed Boost|boost
|-boost|p2a: Sharpedo|spe|1
|upkeep
|turn|22
|
|t:|1642839870
|move|p1a: Shaymin|Seed Flare|p2a: Sharpedo
|-supereffective|p2a: Sharpedo
|-damage|p2a: Sharpedo|0 fnt
|faint|p2a: Sharpedo
|
|upkeep
|
|t:|1642839874
|switch|p2a: Tangrowth|Tangrowth, F|100/100
|-damage|p2a: Tangrowth|75/100|[from] Spikes
|turn|23
|
|t:|1642839881
|switch|p1a: Roserade|Roserade, F|66/100
|move|p2a: Tangrowth|Sleep Powder|p1a: Roserade
|-status|p1a: Roserade|slp|[from] move: Sleep Powder
|
|-heal|p2a: Tangrowth|82/100|[from] item: Leftovers
|upkeep
|turn|24
|
|t:|1642839896
|-curestatus|p1a: Roserade|slp|[from] ability: Natural Cure
|switch|p1a: Shaymin|Shaymin|32/100
|move|p2a: Tangrowth|Giga Drain|p1a: Shaymin
|-resisted|p1a: Shaymin
|-damage|p1a: Shaymin|17/100
|-heal|p2a: Tangrowth|88/100|[from] drain|[of] p1a: Shaymin
|
|-heal|p2a: Tangrowth|94/100|[from] item: Leftovers
|upkeep
|turn|25
|
|t:|1642839920
|move|p1a: Shaymin|Healing Wish|p1a: Shaymin
|faint|p1a: Shaymin
|move|p2a: Tangrowth|Giga Drain|p1: Shaymin|[notarget]
|-fail|p2a: Tangrowth
|
|-heal|p2a: Tangrowth|100/100|[from] item: Leftovers
|-sideend|p2: galarian sparrow|move: Light Screen
|upkeep
|
|t:|1642839932
|switch|p1a: Sharpedo|Sharpedo, F|100/100
|-heal|p1a: Sharpedo|100/100|[from] move: Healing Wish
|turn|26
|inactive|galarian sparrow has 270 seconds left.
|
|t:|1642839983
|move|p1a: Sharpedo|Ice Beam|p2a: Tangrowth
|-supereffective|p2a: Tangrowth
|-damage|p2a: Tangrowth|26/100
|-damage|p1a: Sharpedo|91/100|[from] item: Life Orb
|move|p2a: Tangrowth|Giga Drain|p1a: Sharpedo
|-supereffective|p1a: Sharpedo
|-damage|p1a: Sharpedo|0 fnt
|-heal|p2a: Tangrowth|58/100|[from] drain|[of] p1a: Sharpedo
|faint|p1a: Sharpedo
|
|-heal|p2a: Tangrowth|64/100|[from] item: Leftovers
|-sideend|p2: galarian sparrow|Reflect
|upkeep
|
|t:|1642839994
|switch|p1a: Scrafty|Scrafty, M|98/100
|turn|27
|
|t:|1642839999
|move|p1a: Scrafty|Dragon Dance|p1a: Scrafty
|-boost|p1a: Scrafty|atk|1
|-boost|p1a: Scrafty|spe|1
|move|p2a: Tangrowth|Sleep Powder|p1a: Scrafty
|-status|p1a: Scrafty|slp|[from] move: Sleep Powder
|
|-heal|p1a: Scrafty|100/100 slp|[from] item: Leftovers
|-heal|p2a: Tangrowth|70/100|[from] item: Leftovers
|upkeep
|turn|28
|
|t:|1642840006
|switch|p2a: Nidoking|Nidoking, M|31/100
|-damage|p2a: Nidoking|6/100|[from] Spikes
|cant|p1a: Scrafty|slp
|
|upkeep
|turn|29
|
|t:|1642840010
|cant|p1a: Scrafty|slp
|move|p2a: Nidoking|Earth Power|p1a: Scrafty
|-damage|p1a: Scrafty|37/100 slp
|
|-activate|p1a: Scrafty|ability: Shed Skin
|-curestatus|p1a: Scrafty|slp|[msg]
|-heal|p1a: Scrafty|43/100|[from] item: Leftovers
|upkeep
|turn|30
|c|☆galarian sparrow|Crazy
|c|☆galarian sparrow|gg
|c|☆galarian sparrow|Wp
|
|t:|1642840027
|move|p1a: Scrafty|High Jump Kick|p2a: Nidoking
|-resisted|p2a: Nidoking
|-damage|p2a: Nidoking|0 fnt
|faint|p2a: Nidoking
|
|-heal|p1a: Scrafty|49/100|[from] item: Leftovers
|upkeep
|
|t:|1642840030
|switch|p2a: Uxie|Uxie|40/100
|turn|31
|c|☆Shmebnor|gg
|
|t:|1642840036
|move|p1a: Scrafty|High Jump Kick|p2a: Uxie
|-resisted|p2a: Uxie
|-damage|p2a: Uxie|16/100
|move|p2a: Uxie|Reflect|p2a: Uxie
|-sidestart|p2: galarian sparrow|Reflect
|
|-heal|p1a: Scrafty|55/100|[from] item: Leftovers
|upkeep
|turn|32
|c|☆Shmebnor|shit
|c|☆Shmebnor|what is this bulk
|
|t:|1642840050
|move|p1a: Scrafty|Stone Edge|p2a: Uxie
|-damage|p2a: Uxie|4/100
|move|p2a: Uxie|U-turn|p1a: Scrafty
|-damage|p1a: Scrafty|43/100
|
|t:|1642840054
|switch|p2a: Tangrowth|Tangrowth, F|100/100|[from]move: U-turn
|-damage|p2a: Tangrowth|75/100|[from] Spikes
|
|-heal|p1a: Scrafty|49/100|[from] item: Leftovers
|-heal|p2a: Tangrowth|82/100|[from] item: Leftovers
|upkeep
|turn|33
|
|t:|1642840056
|move|p1a: Scrafty|Dragon Dance|p1a: Scrafty
|-boost|p1a: Scrafty|atk|1
|-boost|p1a: Scrafty|spe|1
|move|p2a: Tangrowth|Sleep Powder|p1a: Scrafty
|-status|p1a: Scrafty|slp|[from] move: Sleep Powder
|
|-heal|p1a: Scrafty|55/100 slp|[from] item: Leftovers
|-heal|p2a: Tangrowth|88/100|[from] item: Leftovers
|upkeep
|turn|34
|
|t:|1642840062
|cant|p1a: Scrafty|slp
|move|p2a: Tangrowth|Giga Drain|p1a: Scrafty
|-damage|p1a: Scrafty|26/100 slp
|-heal|p2a: Tangrowth|98/100|[from] drain|[of] p1a: Scrafty
|
|-activate|p1a: Scrafty|ability: Shed Skin
|-curestatus|p1a: Scrafty|slp|[msg]
|-heal|p1a: Scrafty|32/100|[from] item: Leftovers
|-heal|p2a: Tangrowth|100/100|[from] item: Leftovers
|upkeep
|turn|35
|
|t:|1642840071
|move|p1a: Scrafty|High Jump Kick|p2a: Tangrowth
|-damage|p2a: Tangrowth|65/100
|move|p2a: Tangrowth|Giga Drain|p1a: Scrafty
|-crit|p1a: Scrafty
|-damage|p1a: Scrafty|0 fnt
|-heal|p2a: Tangrowth|77/100|[from] drain|[of] p1a: Scrafty
|faint|p1a: Scrafty
|
|-heal|p2a: Tangrowth|83/100|[from] item: Leftovers
|upkeep
|
|t:|1642840077
|switch|p1a: Roserade|Roserade, F|66/100
|turn|36
|
|t:|1642840085
|move|p1a: Roserade|Sludge Bomb|p2a: Tangrowth
|-supereffective|p2a: Tangrowth
|-damage|p2a: Tangrowth|0 fnt
|faint|p2a: Tangrowth
|
|upkeep
|
|t:|1642840088
|switch|p2a: Uxie|Uxie|4/100
|turn|37
|
|t:|1642840092
|move|p1a: Roserade|Sludge Bomb|p2a: Uxie
|-damage|p2a: Uxie|0 fnt
|faint|p2a: Uxie
|
|win|Shmebnor
|c|☆Shmebnor|damn man
|c|☆Shmebnor|roller coaster
|l|☆Shmebnor
