|j|☆Gmz
|j|☆Chainsonic
|inactive|Battle timer is ON: inactive players will automatically lose when time's up.
|j|*Lady Monita
|t:|1624717536
|gametype|singles
|player|p1|Gmz|grimsley-gen7|
|player|p2|Chainsonic|steven|
|teamsize|p1|6
|teamsize|p2|6
|gen|5
|tier|[Gen 5] LC
|rated|Tournament battle
|rule|Species Clause: Limit one of each Pokémon
|rule|OHKO Clause: OHKO moves are banned
|rule|Moody Clause: Moody is banned
|rule|Evasion Moves Clause: Evasion moves are banned
|rule|Endless Battle Clause: Forcing endless battles is banned
|rule|HP Percentage Mod: HP is shown in percentages
|rule|Sleep Clause: Sleep-inducing moves are banned
|clearpoke
|poke|p1|Dwebble, L5, F|item
|poke|p1|Carvanha, L5, F|item
|poke|p1|Timburr, L5, F|item
|poke|p1|Drifloon, L5, F|item
|poke|p1|Magnemite, L5|item
|poke|p1|Munchlax, L5, F|item
|poke|p2|Riolu, L5, M|item
|poke|p2|Pawniard, L5, M|item
|poke|p2|Blitzle, L5, M|item
|poke|p2|Croagunk, L5, M|item
|poke|p2|Buizel, L5, M|item
|poke|p2|Beldum, L5|item
|teampreview
|
|t:|1624717558
|start
|switch|p1a: Dwebble|Dwebble, L5, F|100/100
|switch|p2a: Pawniard|Pawniard, L5, M, shiny|100/100
|-ability|p2a: Pawniard|Pressure
|turn|1
|
|t:|1624717571
|switch|p1a: Magnemite|Magnemite, L5|100/100
|move|p2a: Pawniard|Foul Play|p1a: Magnemite
|-resisted|p1a: Magnemite
|-damage|p1a: Magnemite|85/100
|
|upkeep
|turn|2
|
|t:|1624717579
|move|p1a: Magnemite|Hidden Power|p2a: Pawniard
|-supereffective|p2a: Pawniard
|-damage|p2a: Pawniard|24/100
|move|p2a: Pawniard|Iron Head|p1a: Magnemite
|-resisted|p1a: Magnemite
|-damage|p1a: Magnemite|64/100
|
|-heal|p2a: Pawniard|29/100|[from] item: Leftovers
|upkeep
|turn|3
|
|t:|1624717599
|move|p1a: Magnemite|Hidden Power|p2a: Pawniard
|-supereffective|p2a: Pawniard
|-damage|p2a: Pawniard|0 fnt
|faint|p2a: Pawniard
|
|upkeep
|
|t:|1624717605
|switch|p2a: Riolu|Riolu, L5, M, shiny|100/100
|turn|4
|
|t:|1624717612
|move|p1a: Magnemite|Hidden Power|p2a: Riolu
|-damage|p2a: Riolu|53/100
|move|p2a: Riolu|Cross Chop|p1a: Magnemite
|-supereffective|p1a: Magnemite
|-damage|p1a: Magnemite|0 fnt
|faint|p1a: Magnemite
|
|upkeep
|
|t:|1624717623
|switch|p1a: Timburr|Timburr, L5, F|100/100
|turn|5
|
|t:|1624717637
|move|p2a: Riolu|Bullet Punch|p1a: Timburr
|-damage|p1a: Timburr|88/100
|move|p1a: Timburr|Bulk Up|p1a: Timburr
|-boost|p1a: Timburr|atk|1
|-boost|p1a: Timburr|def|1
|
|upkeep
|turn|6
|
|t:|1624717646
|move|p2a: Riolu|Cross Chop|p1a: Timburr
|-damage|p1a: Timburr|60/100
|move|p1a: Timburr|Drain Punch|p2a: Riolu
|-damage|p2a: Riolu|0 fnt
|-heal|p1a: Timburr|84/100|[from] drain|[of] p2a: Riolu
|faint|p2a: Riolu
|
|upkeep
|
|t:|1624717655
|switch|p2a: Blitzle|Blitzle, L5, M, shiny|100/100
|turn|7
|
|t:|1624717662
|move|p2a: Blitzle|Discharge|p1a: Timburr
|-crit|p1a: Timburr
|-damage|p1a: Timburr|32/100
|move|p1a: Timburr|Drain Punch|p2a: Blitzle
|-damage|p2a: Blitzle|0 fnt
|-heal|p1a: Timburr|76/100|[from] drain|[of] p2a: Blitzle
|faint|p2a: Blitzle
|
|upkeep
|
|t:|1624717671
|switch|p2a: Croagunk|Croagunk, L5, M, shiny|100/100
|turn|8
|
|t:|1624717675
|move|p2a: Croagunk|Drain Punch|p1a: Timburr
|-damage|p1a: Timburr|52/100
|move|p1a: Timburr|Drain Punch|p2a: Croagunk
|-resisted|p2a: Croagunk
|-damage|p2a: Croagunk|50/100
|-heal|p1a: Timburr|76/100|[from] drain|[of] p2a: Croagunk
|
|upkeep
|turn|9
|
|t:|1624717685
|move|p2a: Croagunk|Gunk Shot|p1a: Timburr
|-enditem|p2a: Croagunk|Poison Gem|[from] gem
|-damage|p1a: Timburr|29/100
|-status|p1a: Timburr|psn
|move|p1a: Timburr|Payback|p2a: Croagunk
|-resisted|p2a: Croagunk
|-damage|p2a: Croagunk|0 fnt
|faint|p2a: Croagunk
|
|-damage|p1a: Timburr|16/100 psn|[from] psn
|upkeep
|
|t:|1624717694
|switch|p2a: Buizel|Buizel, L5, M, shiny|100/100
|turn|10
|
|t:|1624717698
|move|p1a: Timburr|Mach Punch|p2a: Buizel
|-damage|p2a: Buizel|19/100
|move|p2a: Buizel|Scald|p1a: Timburr
|-damage|p1a: Timburr|0 fnt
|faint|p1a: Timburr
|
|upkeep
|
|t:|1624717710
|switch|p1a: Carvanha|Carvanha, L5, F|100/100
|turn|11
|
|t:|1624717714
|move|p1a: Carvanha|Protect|p1a: Carvanha
|-singleturn|p1a: Carvanha|Protect
|move|p2a: Buizel|Ice Beam|p1a: Carvanha
|-activate|p1a: Carvanha|move: Protect
|
|-ability|p1a: Carvanha|Speed Boost|boost
|-boost|p1a: Carvanha|spe|1
|upkeep
|turn|12
|
|t:|1624717721
|move|p1a: Carvanha|Crunch|p2a: Buizel
|-damage|p2a: Buizel|0 fnt
|faint|p2a: Buizel
|-damage|p1a: Carvanha|95/100|[from] item: Life Orb
|
|-ability|p1a: Carvanha|Speed Boost|boost
|-boost|p1a: Carvanha|spe|1
|upkeep
|
|t:|1624717727
|switch|p2a: Beldum|Beldum, L5, shiny|100/100
|turn|13
|
|t:|1624717730
|move|p1a: Carvanha|Crunch|p2a: Beldum
|-damage|p2a: Beldum|27/100
|-damage|p1a: Carvanha|90/100|[from] item: Life Orb
|move|p2a: Beldum|Zen Headbutt|p1a: Carvanha
|-immune|p1a: Carvanha
|
|-ability|p1a: Carvanha|Speed Boost|boost
|-boost|p1a: Carvanha|spe|1
|upkeep
|turn|14
|
|t:|1624717743
|move|p1a: Carvanha|Waterfall|p2a: Beldum
|-damage|p2a: Beldum|0 fnt
|faint|p2a: Beldum
|-damage|p1a: Carvanha|85/100|[from] item: Life Orb
|
|win|Gmz
|n|☆Gmz|gmz
|n|☆Chainsonic|chainsonic
|n|*Lady Monita|ladymonita
|l|*Lady Monita
|l|☆Gmz
