|j|☆Keaeth
|j|☆Pecurto23
|t:|1641148779
|gametype|singles
|player|p1|Keaeth|gambler|1000
|player|p2|Pecurto23|barry|1136
|teamsize|p1|6
|teamsize|p2|6
|gen|5
|tier|[Gen 5] NU
|rated|
|rule|Species Clause: Limit one of each Pokémon
|rule|OHKO Clause: OHKO moves are banned
|rule|Moody Clause: Moody is banned
|rule|Evasion Moves Clause: Evasion moves are banned
|rule|Endless Battle Clause: Forcing endless battles is banned
|rule|HP Percentage Mod: HP is shown in percentages
|rule|Evasion Abilities Clause: Evasion abilities are banned
|rule|Swagger Clause: Swagger is banned
|rule|Baton Pass Clause: Limit one Baton Passer, can't pass Spe and other stats simultaneously
|rule|Sleep Clause Mod: Limit one foe put to sleep
|clearpoke
|poke|p1|Charizard, M|item
|poke|p1|Sawk, M|item
|poke|p1|Samurott, M|item
|poke|p1|Alomomola, F|item
|poke|p1|Tangela, M|item
|poke|p1|Braviary, M|item
|poke|p2|Primeape, F|item
|poke|p2|Skuntank, M|item
|poke|p2|Charizard, F|item
|poke|p2|Leafeon, F|item
|poke|p2|Samurott, F|item
|poke|p2|Golurk|item
|teampreview
|c|☆Pecurto23|gl
|
|t:|1641148795
|start
|switch|p1a: Sawk|Sawk, M|100/100
|switch|p2a: Primeape|Primeape, F|100/100
|-ability|p1a: Sawk|Mold Breaker
|turn|1
|c|☆Keaeth|U2
|
|t:|1641148802
|move|p2a: Primeape|U-turn|p1a: Sawk
|-resisted|p1a: Sawk
|-damage|p1a: Sawk|85/100
|
|t:|1641148805
|switch|p2a: Golurk|Golurk, shiny|100/100|[from]move: U-turn
|move|p1a: Sawk|Close Combat|p2a: Golurk
|-immune|p2a: Golurk
|
|upkeep
|turn|2
|
|t:|1641148815
|switch|p1a: Braviary|Braviary, M|100/100
|move|p2a: Golurk|Stealth Rock|p1a: Braviary
|-sidestart|p1: Keaeth|move: Stealth Rock
|
|upkeep
|turn|3
|
|t:|1641148823
|move|p1a: Braviary|Substitute|p1a: Braviary
|-start|p1a: Braviary|Substitute
|-damage|p1a: Braviary|75/100
|move|p2a: Golurk|Ice Punch|p1a: Braviary
|-supereffective|p1a: Braviary
|-end|p1a: Braviary|Substitute
|
|-heal|p1a: Braviary|82/100|[from] item: Leftovers
|upkeep
|turn|4
|
|t:|1641148830
|move|p1a: Braviary|Substitute|p1a: Braviary
|-start|p1a: Braviary|Substitute
|-damage|p1a: Braviary|57/100
|move|p2a: Golurk|Ice Punch|p1a: Braviary
|-supereffective|p1a: Braviary
|-end|p1a: Braviary|Substitute
|
|-heal|p1a: Braviary|63/100|[from] item: Leftovers
|upkeep
|turn|5
|
|t:|1641148836
|move|p1a: Braviary|Bulk Up|p1a: Braviary
|-boost|p1a: Braviary|atk|1
|-boost|p1a: Braviary|def|1
|move|p2a: Golurk|Ice Punch|p1a: Braviary
|-supereffective|p1a: Braviary
|-damage|p1a: Braviary|12/100
|
|-heal|p1a: Braviary|19/100|[from] item: Leftovers
|upkeep
|turn|6
|
|t:|1641148848
|switch|p2a: Skuntank|Skuntank, M|100/100
|move|p1a: Braviary|Roost|p1a: Braviary
|-heal|p1a: Braviary|69/100
|-singleturn|p1a: Braviary|move: Roost
|
|-heal|p1a: Braviary|75/100|[from] item: Leftovers
|upkeep
|turn|7
|
|t:|1641148858
|move|p2a: Skuntank|Taunt|p1a: Braviary
|-start|p1a: Braviary|move: Taunt
|cant|p1a: Braviary|move: Taunt|Substitute
|
|-heal|p1a: Braviary|81/100|[from] item: Leftovers
|upkeep
|turn|8
|
|t:|1641148864
|move|p2a: Skuntank|Poison Jab|p1a: Braviary
|-damage|p1a: Braviary|52/100
|move|p1a: Braviary|Brave Bird|p2a: Skuntank
|-damage|p2a: Skuntank|2/100
|-damage|p1a: Braviary|25/100|[from] Recoil
|
|-heal|p2a: Skuntank|8/100|[from] item: Black Sludge
|-heal|p1a: Braviary|31/100|[from] item: Leftovers
|upkeep
|turn|9
|
|t:|1641148874
|move|p2a: Skuntank|Sucker Punch|p1a: Braviary
|-damage|p1a: Braviary|6/100
|move|p1a: Braviary|Brave Bird|p2a: Skuntank
|-damage|p2a: Skuntank|0 fnt
|-damage|p1a: Braviary|0 fnt|[from] ability: Aftermath|[of] p2a: Skuntank
|faint|p1a: Braviary
|faint|p2a: Skuntank
|
|upkeep
|
|t:|1641148887
|switch|p2a: Primeape|Primeape, F|100/100
|switch|p1a: Samurott|Samurott, M|100/100
|-damage|p1a: Samurott|88/100|[from] Stealth Rock
|turn|10
|inactive|Battle timer is ON: inactive players will automatically lose when time's up. (requested by Keaeth)
|
|t:|1641148933
|move|p2a: Primeape|U-turn|p1a: Samurott
|-damage|p1a: Samurott|62/100
|
|t:|1641148935
|switch|p2a: Leafeon|Leafeon, F|100/100|[from]move: U-turn
|move|p1a: Samurott|Surf|p2a: Leafeon
|-resisted|p2a: Leafeon
|-damage|p2a: Leafeon|71/100
|-damage|p1a: Samurott|52/100|[from] item: Life Orb
|
|-heal|p2a: Leafeon|77/100|[from] item: Leftovers
|upkeep
|turn|11
|
|t:|1641148942
|move|p2a: Leafeon|Leaf Blade|p1a: Samurott
|-supereffective|p1a: Samurott
|-damage|p1a: Samurott|0 fnt
|faint|p1a: Samurott
|
|-heal|p2a: Leafeon|83/100|[from] item: Leftovers
|upkeep
|
|t:|1641148947
|switch|p1a: Charizard|Charizard, M|100/100
|-damage|p1a: Charizard|50/100|[from] Stealth Rock
|turn|12
|
|t:|1641148962
|switch|p2a: Samurott|Samurott, F|100/100
|move|p1a: Charizard|Air Slash|p2a: Samurott
|-damage|p2a: Samurott|43/100
|-damage|p1a: Charizard|41/100|[from] item: Life Orb
|
|upkeep
|turn|13
|
|t:|1641148971
|switch|p1a: Alomomola|Alomomola, F|100/100
|-damage|p1a: Alomomola|88/100|[from] Stealth Rock
|move|p2a: Samurott|Aqua Jet|p1a: Alomomola
|-resisted|p1a: Alomomola
|-damage|p1a: Alomomola|80/100
|-damage|p2a: Samurott|33/100|[from] item: Life Orb
|
|-heal|p1a: Alomomola|87/100|[from] item: Leftovers
|upkeep
|turn|14
|
|t:|1641148978
|switch|p2a: Leafeon|Leafeon, F|83/100
|move|p1a: Alomomola|Toxic|p2a: Leafeon
|-status|p2a: Leafeon|tox
|
|-heal|p2a: Leafeon|89/100 tox|[from] item: Leftovers
|-heal|p1a: Alomomola|93/100|[from] item: Leftovers
|-damage|p2a: Leafeon|83/100 tox|[from] psn
|upkeep
|turn|15
|
|t:|1641148985
|move|p2a: Leafeon|Swords Dance|p2a: Leafeon
|-boost|p2a: Leafeon|atk|2
|move|p1a: Alomomola|Wish|p1a: Alomomola
|
|-heal|p2a: Leafeon|89/100 tox|[from] item: Leftovers
|-heal|p1a: Alomomola|99/100|[from] item: Leftovers
|-damage|p2a: Leafeon|77/100 tox|[from] psn
|upkeep
|turn|16
|
|t:|1641149006
|move|p2a: Leafeon|Leaf Blade|p1a: Alomomola
|-supereffective|p1a: Alomomola
|-damage|p1a: Alomomola|7/100
|move|p1a: Alomomola|Scald|p2a: Leafeon
|-resisted|p2a: Leafeon
|-damage|p2a: Leafeon|67/100 tox
|
|-heal|p1a: Alomomola|57/100|[from] move: Wish|[wisher] Alomomola
|-heal|p2a: Leafeon|73/100 tox|[from] item: Leftovers
|-heal|p1a: Alomomola|63/100|[from] item: Leftovers
|-damage|p2a: Leafeon|55/100 tox|[from] psn
|upkeep
|turn|17
|
|t:|1641149018
|move|p1a: Alomomola|Protect|p1a: Alomomola
|-singleturn|p1a: Alomomola|Protect
|move|p2a: Leafeon|Synthesis|p2a: Leafeon
|-heal|p2a: Leafeon|100/100 tox
|
|-heal|p1a: Alomomola|70/100|[from] item: Leftovers
|-damage|p2a: Leafeon|77/100 tox|[from] psn
|upkeep
|turn|18
|
|t:|1641149031
|switch|p1a: Tangela|Tangela, M|100/100
|-damage|p1a: Tangela|88/100|[from] Stealth Rock
|move|p2a: Leafeon|Leaf Blade|p1a: Tangela
|-resisted|p1a: Tangela
|-damage|p1a: Tangela|70/100
|
|-heal|p2a: Leafeon|83/100 tox|[from] item: Leftovers
|-damage|p2a: Leafeon|53/100 tox|[from] psn
|upkeep
|turn|19
|
|t:|1641149045
|move|p2a: Leafeon|Baton Pass|p2a: Leafeon
|
|t:|1641149047
|switch|p2a: Primeape|Primeape, F|100/100|[from]move: Baton Pass
|move|p1a: Tangela|Sleep Powder|p2a: Primeape
|-immune|p2a: Primeape|[from] ability: Vital Spirit
|
|upkeep
|turn|20
|
|t:|1641149057
|move|p2a: Primeape|Close Combat|p1a: Tangela
|-damage|p1a: Tangela|9/100
|-unboost|p2a: Primeape|def|1
|-unboost|p2a: Primeape|spd|1
|move|p1a: Tangela|Leech Seed|p2a: Primeape
|-start|p2a: Primeape|move: Leech Seed
|
|-damage|p2a: Primeape|88/100|[from] Leech Seed|[of] p1a: Tangela
|-heal|p1a: Tangela|19/100|[silent]
|upkeep
|turn|21
|
|t:|1641149071
|switch|p1a: Sawk|Sawk, M|85/100
|-damage|p1a: Sawk|79/100|[from] Stealth Rock
|-ability|p1a: Sawk|Mold Breaker
|move|p2a: Primeape|Close Combat|p1a: Sawk
|-damage|p1a: Sawk|0 fnt
|-unboost|p2a: Primeape|def|1
|-unboost|p2a: Primeape|spd|1
|faint|p1a: Sawk
|
|upkeep
|
|t:|1641149076
|switch|p1a: Alomomola|Alomomola, F|100/100
|-damage|p1a: Alomomola|88/100|[from] Stealth Rock
|turn|22
|
|t:|1641149079
|switch|p2a: Leafeon|Leafeon, F|53/100 tox
|move|p1a: Alomomola|Wish|p1a: Alomomola
|
|-heal|p2a: Leafeon|59/100 tox|[from] item: Leftovers
|-heal|p1a: Alomomola|94/100|[from] item: Leftovers
|-damage|p2a: Leafeon|53/100 tox|[from] psn
|upkeep
|turn|23
|
|t:|1641149085
|move|p2a: Leafeon|Swords Dance|p2a: Leafeon
|-boost|p2a: Leafeon|atk|2
|move|p1a: Alomomola|Scald|p2a: Leafeon
|-resisted|p2a: Leafeon
|-crit|p2a: Leafeon
|-damage|p2a: Leafeon|31/100 tox
|
|-heal|p1a: Alomomola|100/100|[from] move: Wish|[wisher] Alomomola
|-heal|p2a: Leafeon|37/100 tox|[from] item: Leftovers
|-damage|p2a: Leafeon|25/100 tox|[from] psn
|upkeep
|turn|24
|
|t:|1641149092
|move|p2a: Leafeon|Synthesis|p2a: Leafeon
|-heal|p2a: Leafeon|75/100 tox
|move|p1a: Alomomola|Wish|p1a: Alomomola
|
|-heal|p2a: Leafeon|81/100 tox|[from] item: Leftovers
|-damage|p2a: Leafeon|63/100 tox|[from] psn
|upkeep
|turn|25
|
|t:|1641149098
|switch|p1a: Charizard|Charizard, M|41/100
|-damage|p1a: Charizard|0 fnt|[from] Stealth Rock
|faint|p1a: Charizard
|move|p2a: Leafeon|Swords Dance|p2a: Leafeon
|-boost|p2a: Leafeon|atk|2
|
|-heal|p2a: Leafeon|69/100 tox|[from] item: Leftovers
|-damage|p2a: Leafeon|45/100 tox|[from] psn
|upkeep
|
|t:|1641149109
|switch|p1a: Tangela|Tangela, M|52/100
|-damage|p1a: Tangela|40/100|[from] Stealth Rock
|turn|26
|
|t:|1641149115
|move|p2a: Leafeon|Baton Pass|p2a: Leafeon
|
|t:|1641149118
|switch|p2a: Primeape|Primeape, F|88/100|[from]move: Baton Pass
|move|p1a: Tangela|Hidden Power|p2a: Primeape
|-resisted|p2a: Primeape
|-damage|p2a: Primeape|75/100
|
|upkeep
|turn|27
|-message|Keaeth forfeited.
|
|win|Pecurto23
|raw|Keaeth's rating: 1000 &rarr; <strong>1000</strong><br />(+0 for losing)
|raw|Pecurto23's rating: 1136 &rarr; <strong>1152</strong><br />(+16 for winning)
|l|☆Keaeth
||Ladder isn't responding, score probably updated but might not have (Request timeout).
