|j|☆quziel
|j|☆Lucario•1582
|t:|1635384283
|gametype|singles
|player|p1|quziel|grimsley|
|player|p2|Lucario•1582|riley|
|teamsize|p1|6
|teamsize|p2|6
|gen|5
|tier|[Gen 5] NU
|rated|Tournament battle
|rule|Species Clause: Limit one of each Pokémon
|rule|OHKO Clause: OHKO moves are banned
|rule|Moody Clause: Moody is banned
|rule|Evasion Moves Clause: Evasion moves are banned
|rule|Endless Battle Clause: Forcing endless battles is banned
|rule|HP Percentage Mod: HP is shown in percentages
|rule|Evasion Abilities Clause: Evasion abilities are banned
|rule|Baton Pass Clause: Limit one Baton Passer, can't pass Spe and other stats simultaneously
|rule|Swagger Clause: Swagger is banned
|rule|Sleep Clause Mod: Limit one foe put to sleep
|clearpoke
|poke|p1|Drifblim, M|item
|poke|p1|Seismitoad, M|item
|poke|p1|Skuntank, M|item
|poke|p1|Sawk, M|item
|poke|p1|Serperior, F|item
|poke|p1|Weezing, F|item
|poke|p2|Primeape, M|item
|poke|p2|Alomomola, M|item
|poke|p2|Skuntank, M|item
|poke|p2|Piloswine, M|item
|poke|p2|Garbodor, F|item
|poke|p2|Misdreavus, M|item
|teampreview
|j|*BB-8-NU
|inactive|Battle timer is ON: inactive players will automatically lose when time's up. (requested by Lucario•1582)
|j|@Oathkeeper
|c|☆quziel|glhf
|j| CryoGyro
|c|@Oathkeeper|quz has brought it!
|c|☆Lucario•1582|u2
|c|@Oathkeeper|the Serp!
|
|t:|1635384307
|start
|switch|p1a: Weezing|Weezing, F|100/100
|switch|p2a: Garbodor|Garbodor, F|100/100
|turn|1
|
|t:|1635384311
|move|p2a: Garbodor|Spikes|p1a: Weezing
|-sidestart|p1: quziel|Spikes
|move|p1a: Weezing|Taunt|p2a: Garbodor
|-start|p2a: Garbodor|move: Taunt
|
|upkeep
|turn|2
|
|t:|1635384322
|switch|p2a: Misdreavus|Misdreavus, M|100/100
|move|p1a: Weezing|Will-O-Wisp|p2a: Misdreavus
|-status|p2a: Misdreavus|brn
|
|-damage|p2a: Misdreavus|88/100 brn|[from] brn
|upkeep
|turn|3
|
|t:|1635384332
|switch|p2a: Piloswine|Piloswine, M|100/100
|switch|p1a: Skuntank|Skuntank, M|100/100
|-damage|p1a: Skuntank|88/100|[from] Spikes
|
|-heal|p1a: Skuntank|94/100|[from] item: Black Sludge
|upkeep
|turn|4
|
|t:|1635384335
|switch|p1a: Weezing|Weezing, F|100/100
|move|p2a: Piloswine|Stealth Rock|p1a: Weezing
|-sidestart|p1: quziel|move: Stealth Rock
|
|upkeep
|turn|5
|
|t:|1635384340
|switch|p1a: Skuntank|Skuntank, M|94/100
|-damage|p1a: Skuntank|82/100|[from] Spikes
|-damage|p1a: Skuntank|69/100|[from] Stealth Rock
|switch|p2a: Misdreavus|Misdreavus, M|88/100 brn
|
|-heal|p1a: Skuntank|75/100|[from] item: Black Sludge
|-damage|p2a: Misdreavus|76/100 brn|[from] brn
|upkeep
|turn|6
|
|t:|1635384348
|-activate|p2a: Misdreavus|move: Pursuit
|move|p1a: Skuntank|Pursuit|p2a: Misdreavus|[from]Pursuit
|-supereffective|p2a: Misdreavus
|-damage|p2a: Misdreavus|0 fnt
|faint|p2a: Misdreavus
|-hint|A Pokemon can't switch between when it runs out of HP and when it faints
|
|-heal|p1a: Skuntank|81/100|[from] item: Black Sludge
|upkeep
|
|t:|1635384352
|switch|p2a: Piloswine|Piloswine, M|100/100
|turn|7
|
|t:|1635384364
|switch|p1a: Weezing|Weezing, F|100/100
|-damage|p1a: Weezing|88/100|[from] Stealth Rock
|switch|p2a: Garbodor|Garbodor, F|100/100
|
|-heal|p1a: Weezing|94/100|[from] item: Black Sludge
|upkeep
|turn|8
|
|t:|1635384366
|move|p2a: Garbodor|Rock Blast|p1a: Weezing|[miss]
|-miss|p2a: Garbodor|p1a: Weezing
|move|p1a: Weezing|Will-O-Wisp|p2a: Garbodor
|-status|p2a: Garbodor|brn
|
|-heal|p1a: Weezing|99/100|[from] item: Black Sludge
|-damage|p2a: Garbodor|88/100 brn|[from] brn
|upkeep
|turn|9
|
|t:|1635384377
|switch|p2a: Alomomola|Alomomola, M|100/100
|switch|p1a: Drifblim|Drifblim, M|100/100
|-damage|p1a: Drifblim|76/100|[from] Stealth Rock
|
|upkeep
|turn|10
|
|t:|1635384378
|move|p1a: Drifblim|Calm Mind|p1a: Drifblim
|-boost|p1a: Drifblim|spa|1
|-boost|p1a: Drifblim|spd|1
|move|p2a: Alomomola|Toxic|p1a: Drifblim
|-status|p1a: Drifblim|tox
|
|-damage|p1a: Drifblim|69/100 tox|[from] psn
|upkeep
|turn|11
|
|t:|1635384385
|switch|p2a: Garbodor|Garbodor, F|88/100 brn
|move|p1a: Drifblim|Calm Mind|p1a: Drifblim
|-boost|p1a: Drifblim|spa|1
|-boost|p1a: Drifblim|spd|1
|
|-damage|p1a: Drifblim|57/100 tox|[from] psn
|-damage|p2a: Garbodor|76/100 brn|[from] brn
|upkeep
|turn|12
|
|t:|1635384388
|move|p2a: Garbodor|Rock Blast|p1a: Drifblim
|-supereffective|p1a: Drifblim
|-damage|p1a: Drifblim|48/100 tox
|-supereffective|p1a: Drifblim
|-damage|p1a: Drifblim|39/100 tox
|-supereffective|p1a: Drifblim
|-damage|p1a: Drifblim|30/100 tox
|-supereffective|p1a: Drifblim
|-crit|p1a: Drifblim
|-damage|p1a: Drifblim|9/100 tox
|-hitcount|p1a: Drifblim|4
|move|p1a: Drifblim|Baton Pass|p1a: Drifblim
|
|t:|1635384389
|switch|p1a: Weezing|Weezing, F|99/100|[from]move: Baton Pass
|-damage|p1a: Weezing|88/100|[from] Stealth Rock
|
|-heal|p1a: Weezing|94/100|[from] item: Black Sludge
|-damage|p2a: Garbodor|64/100 brn|[from] brn
|upkeep
|turn|13
|j| Segetarius
|c|☆Lucario•1582|thats legal in gen 5
|c|☆Lucario•1582|ok
|c|☆quziel|yes
|
|t:|1635384414
|switch|p2a: Piloswine|Piloswine, M|100/100
|move|p1a: Weezing|Flamethrower|p2a: Piloswine
|-supereffective|p2a: Piloswine
|-damage|p2a: Piloswine|74/100
|
|-heal|p1a: Weezing|99/100|[from] item: Black Sludge
|upkeep
|turn|14
|j| joey milktank
|
|t:|1635384418
|move|p2a: Piloswine|Ice Shard|p1a: Weezing
|-damage|p1a: Weezing|90/100
|move|p1a: Weezing|Will-O-Wisp|p2a: Piloswine
|-status|p2a: Piloswine|brn
|
|-heal|p1a: Weezing|96/100|[from] item: Black Sludge
|-damage|p2a: Piloswine|61/100 brn|[from] brn
|upkeep
|turn|15
|
|t:|1635384420
|switch|p2a: Garbodor|Garbodor, F|64/100 brn
|move|p1a: Weezing|Flamethrower|p2a: Garbodor
|-damage|p2a: Garbodor|19/100 brn
|
|-heal|p1a: Weezing|100/100|[from] item: Black Sludge
|-damage|p2a: Garbodor|7/100 brn|[from] brn
|upkeep
|turn|16
|
|t:|1635384422
|move|p2a: Garbodor|Explosion|p1a: Weezing
|-damage|p1a: Weezing|81/100
|faint|p2a: Garbodor
|move|p1a: Weezing|Flamethrower|p2: Garbodor|[notarget]
|-fail|p1a: Weezing
|
|-heal|p1a: Weezing|87/100|[from] item: Black Sludge
|upkeep
|
|t:|1635384427
|switch|p2a: Alomomola|Alomomola, M|100/100
|turn|17
|
|t:|1635384429
|move|p2a: Alomomola|Scald|p1a: Weezing
|-damage|p1a: Weezing|78/100
|move|p1a: Weezing|Sludge Bomb|p2a: Alomomola
|-damage|p2a: Alomomola|59/100
|
|-heal|p1a: Weezing|84/100|[from] item: Black Sludge
|upkeep
|turn|18
|
|t:|1635384431
|move|p2a: Alomomola|Scald|p1a: Weezing
|-damage|p1a: Weezing|75/100
|move|p1a: Weezing|Sludge Bomb|p2a: Alomomola
|-damage|p2a: Alomomola|19/100
|
|-heal|p1a: Weezing|81/100|[from] item: Black Sludge
|upkeep
|turn|19
|
|t:|1635384433
|move|p2a: Alomomola|Wish|p2a: Alomomola
|move|p1a: Weezing|Sludge Bomb|p2a: Alomomola
|-damage|p2a: Alomomola|0 fnt
|faint|p2a: Alomomola
|
|-heal|p1a: Weezing|87/100|[from] item: Black Sludge
|upkeep
|
|t:|1635384434
|switch|p2a: Skuntank|Skuntank, M|100/100
|turn|20
|
|t:|1635384438
|move|p2a: Skuntank|Taunt|p1a: Weezing
|-start|p1a: Weezing|move: Taunt
|cant|p1a: Weezing|move: Taunt|Will-O-Wisp
|
|-heal|p1a: Weezing|93/100|[from] item: Black Sludge
|upkeep
|turn|21
|c|@Oathkeeper|lol 19%
|
|t:|1635384441
|move|p2a: Skuntank|Crunch|p1a: Weezing
|-damage|p1a: Weezing|70/100
|-unboost|p1a: Weezing|def|1
|move|p1a: Weezing|Flamethrower|p2a: Skuntank
|-damage|p2a: Skuntank|52/100
|
|-heal|p1a: Weezing|76/100|[from] item: Black Sludge
|upkeep
|turn|22
|
|t:|1635384443
|move|p2a: Skuntank|Crunch|p1a: Weezing
|-damage|p1a: Weezing|42/100
|-unboost|p1a: Weezing|def|1
|move|p1a: Weezing|Flamethrower|p2a: Skuntank
|-damage|p2a: Skuntank|5/100
|
|-heal|p1a: Weezing|48/100|[from] item: Black Sludge
|-end|p1a: Weezing|move: Taunt
|upkeep
|turn|23
|
|t:|1635384447
|move|p2a: Skuntank|Crunch|p1a: Weezing
|-crit|p1a: Weezing
|-damage|p1a: Weezing|0 fnt
|faint|p1a: Weezing
|
|upkeep
|c| Segetarius|weezing do be bulky
|
|t:|1635384453
|switch|p1a: Skuntank|Skuntank, M|81/100
|-damage|p1a: Skuntank|69/100|[from] Stealth Rock
|-damage|p1a: Skuntank|57/100|[from] Spikes
|turn|24
|
|t:|1635384458
|move|p2a: Skuntank|Sucker Punch|p1a: Skuntank
|-resisted|p1a: Skuntank
|-damage|p1a: Skuntank|30/100
|move|p1a: Skuntank|Pursuit|p2a: Skuntank
|-resisted|p2a: Skuntank
|-damage|p2a: Skuntank|0 fnt
|-damage|p1a: Skuntank|5/100|[from] ability: Aftermath|[of] p2a: Skuntank
|faint|p2a: Skuntank
|
|-heal|p1a: Skuntank|11/100|[from] item: Black Sludge
|upkeep
|
|t:|1635384462
|switch|p2a: Primeape|Primeape, M|100/100
|turn|25
|
|t:|1635384467
|move|p1a: Skuntank|Sucker Punch|p2a: Primeape
|-resisted|p2a: Primeape
|-damage|p2a: Primeape|66/100
|move|p2a: Primeape|U-turn|p1a: Skuntank
|-damage|p1a: Skuntank|0 fnt
|-damage|p2a: Primeape|41/100|[from] ability: Aftermath|[of] p1a: Skuntank
|faint|p1a: Skuntank
|
|t:|1635384469
|switch|p2a: Piloswine|Piloswine, M|61/100 brn|[from]move: U-turn
|
|-damage|p2a: Piloswine|49/100 brn|[from] brn
|upkeep
|
|t:|1635384475
|switch|p1a: Seismitoad|Seismitoad, M|100/100
|-damage|p1a: Seismitoad|94/100|[from] Stealth Rock
|-damage|p1a: Seismitoad|82/100|[from] Spikes
|turn|26
|l| CryoGyro
|
|t:|1635384489
|move|p1a: Seismitoad|Substitute|p1a: Seismitoad
|-start|p1a: Seismitoad|Substitute
|-damage|p1a: Seismitoad|57/100
|move|p2a: Piloswine|Toxic||[still]
|-fail|p2a: Piloswine
|
|-damage|p2a: Piloswine|36/100 brn|[from] brn
|upkeep
|turn|27
|
|t:|1635384491
|move|p1a: Seismitoad|Hydro Pump|p2a: Piloswine
|-supereffective|p2a: Piloswine
|-damage|p2a: Piloswine|0 fnt
|faint|p2a: Piloswine
|
|upkeep
|
|t:|1635384493
|switch|p2a: Primeape|Primeape, M|41/100
|turn|28
|
|t:|1635384495
|move|p2a: Primeape|Close Combat|p1a: Seismitoad
|-end|p1a: Seismitoad|Substitute
|-unboost|p2a: Primeape|def|1
|-unboost|p2a: Primeape|spd|1
|move|p1a: Seismitoad|Hydro Pump|p2a: Primeape
|-damage|p2a: Primeape|0 fnt
|faint|p2a: Primeape
|
|win|quziel
|n|☆quziel|quziel
|n|☆Lucario•1582|lucario1582
|n| BB-8-NU|bb8nu
|n|+Oathkeeper|oathkeeper
|n| Segetarius|segetarius
|n| joey milktank|joeymilktank
|c|☆quziel|gg
|l| BB-8-NU
|c|☆Lucario•1582|gg
