|j|☆Codeine Dealer
|j|☆voltypichu
|t:|1644009230
|gametype|singles
|player|p1|Codeine Dealer|ninjaboy|
|player|p2|voltypichu|pryce|
|teamsize|p1|6
|teamsize|p2|6
|gen|5
|tier|[Gen 5] NU
|rule|Species Clause: Limit one of each Pokémon
|rule|OHKO Clause: OHKO moves are banned
|rule|Moody Clause: Moody is banned
|rule|Evasion Moves Clause: Evasion moves are banned
|rule|Endless Battle Clause: Forcing endless battles is banned
|rule|HP Percentage Mod: HP is shown in percentages
|rule|Evasion Abilities Clause: Evasion abilities are banned
|rule|Swagger Clause: Swagger is banned
|rule|Baton Pass Clause: Limit one Baton Passer, can't pass Spe and other stats simultaneously
|rule|Sleep Clause Mod: Limit one foe put to sleep
|clearpoke
|poke|p1|Leafeon, M|item
|poke|p1|Carracosta, M|item
|poke|p1|Tauros, M|item
|poke|p1|Garbodor, F|item
|poke|p1|Rotom-Frost|item
|poke|p1|Gorebyss, F|item
|poke|p2|Sawsbuck, F|item
|poke|p2|Monferno, F|item
|poke|p2|Drifblim, M|item
|poke|p2|Samurott, M|item
|poke|p2|Gardevoir, F|item
|poke|p2|Fraxure, M|item
|teampreview
|c|☆Codeine Dealer|glhf
|c|☆voltypichu|you to
|
|t:|1644009241
|start
|switch|p1a: Carracosta|Carracosta, M|100/100
|switch|p2a: Monferno|Monferno, F|100/100
|turn|1
|
|t:|1644009248
|move|p2a: Monferno|Stealth Rock|p1a: Carracosta
|-sidestart|p1: Codeine Dealer|move: Stealth Rock
|move|p1a: Carracosta|Hydro Pump|p2a: Monferno
|-supereffective|p2a: Monferno
|-enditem|p2a: Monferno|Focus Sash
|-damage|p2a: Monferno|1/100
|
|upkeep
|turn|2
|
|t:|1644009252
|move|p2a: Monferno|Endeavor|p1a: Carracosta
|-damage|p1a: Carracosta|1/100
|move|p1a: Carracosta|Stealth Rock|p2a: Monferno
|-sidestart|p2: voltypichu|move: Stealth Rock
|
|upkeep
|turn|3
|-enditem|p1a: Carracosta|Custap Berry|[eat]
|-activate|p1a: Carracosta|item: Custap Berry|[consumed]
|
|t:|1644009257
|move|p1a: Carracosta|Hidden Power|p2a: Monferno
|-resisted|p2a: Monferno
|-damage|p2a: Monferno|0 fnt
|faint|p2a: Monferno
|
|upkeep
|
|t:|1644009271
|switch|p2a: Samurott|Samurott, M|100/100
|-damage|p2a: Samurott|88/100|[from] Stealth Rock
|turn|4
|
|t:|1644009299
|move|p2a: Samurott|Waterfall|p1a: Carracosta
|-damage|p1a: Carracosta|0 fnt
|faint|p1a: Carracosta
|
|upkeep
|
|t:|1644009307
|switch|p1a: Leafeon|Leafeon, M|100/100
|-damage|p1a: Leafeon|88/100|[from] Stealth Rock
|turn|5
|
|t:|1644009311
|switch|p2a: Fraxure|Fraxure, M|100/100
|-damage|p2a: Fraxure|88/100|[from] Stealth Rock
|-ability|p2a: Fraxure|Mold Breaker
|move|p1a: Leafeon|Leaf Blade|p2a: Fraxure
|-resisted|p2a: Fraxure
|-damage|p2a: Fraxure|63/100
|
|upkeep
|turn|6
|
|t:|1644009316
|move|p1a: Leafeon|Double-Edge|p2a: Fraxure
|-enditem|p1a: Leafeon|Normal Gem|[from] gem
|-damage|p2a: Fraxure|1/100
|-damage|p1a: Leafeon|68/100|[from] Recoil
|move|p2a: Fraxure|Dragon Dance|p2a: Fraxure
|-boost|p2a: Fraxure|atk|1
|-boost|p2a: Fraxure|spe|1
|
|upkeep
|turn|7
|
|t:|1644009326
|move|p2a: Fraxure|Outrage|p1a: Leafeon
|-damage|p1a: Leafeon|0 fnt
|faint|p1a: Leafeon
|
|upkeep
|
|t:|1644009340
|switch|p1a: Rotom|Rotom-Frost|100/100
|-damage|p1a: Rotom|76/100|[from] Stealth Rock
|turn|8
|
|t:|1644009351
|move|p1a: Rotom|Volt Switch|p2a: Fraxure
|-resisted|p2a: Fraxure
|-damage|p2a: Fraxure|0 fnt
|faint|p2a: Fraxure
|
|t:|1644009378
|switch|p1a: Tauros|Tauros, M|100/100|[from]move: Volt Switch
|-damage|p1a: Tauros|88/100|[from] Stealth Rock
|
|upkeep
|
|t:|1644009444
|switch|p2a: Samurott|Samurott, M|88/100
|-damage|p2a: Samurott|76/100|[from] Stealth Rock
|turn|9
|
|t:|1644009485
|move|p1a: Tauros|Rock Climb|p2a: Samurott
|-damage|p2a: Samurott|2/100
|move|p2a: Samurott|Waterfall|p1a: Tauros
|-damage|p1a: Tauros|23/100
|
|upkeep
|turn|10
|
|t:|1644009496
|switch|p1a: Garbodor|Garbodor, F|100/100
|-damage|p1a: Garbodor|88/100|[from] Stealth Rock
|move|p2a: Samurott|Aqua Jet|p1a: Garbodor
|-damage|p1a: Garbodor|49/100
|-ability|p1a: Garbodor|Weak Armor|boost
|-unboost|p1a: Garbodor|def|1
|-boost|p1a: Garbodor|spe|1
|
|upkeep
|turn|11
|
|t:|1644009504
|move|p2a: Samurott|Aqua Jet|p1a: Garbodor
|-damage|p1a: Garbodor|0 fnt
|faint|p1a: Garbodor
|
|upkeep
|
|t:|1644009509
|switch|p1a: Gorebyss|Gorebyss, F|100/100
|-damage|p1a: Gorebyss|88/100|[from] Stealth Rock
|turn|12
|
|t:|1644009520
|move|p2a: Samurott|Megahorn|p1a: Gorebyss
|-enditem|p2a: Samurott|Bug Gem|[from] gem
|-damage|p1a: Gorebyss|17/100
|move|p1a: Gorebyss|Shell Smash|p1a: Gorebyss
|-unboost|p1a: Gorebyss|def|1
|-unboost|p1a: Gorebyss|spd|1
|-boost|p1a: Gorebyss|atk|2
|-boost|p1a: Gorebyss|spa|2
|-boost|p1a: Gorebyss|spe|2
|
|-heal|p1a: Gorebyss|23/100|[from] item: Leftovers
|upkeep
|turn|13
|
|t:|1644009524
|move|p2a: Samurott|Aqua Jet|p1a: Gorebyss
|-resisted|p1a: Gorebyss
|-damage|p1a: Gorebyss|0 fnt
|faint|p1a: Gorebyss
|
|upkeep
|
|t:|1644009528
|switch|p1a: Rotom|Rotom-Frost|76/100
|-damage|p1a: Rotom|51/100|[from] Stealth Rock
|turn|14
|
|t:|1644009531
|move|p2a: Samurott|Aqua Jet|p1a: Rotom
|-damage|p1a: Rotom|10/100
|move|p1a: Rotom|Volt Switch|p2a: Samurott
|-supereffective|p2a: Samurott
|-damage|p2a: Samurott|0 fnt
|faint|p2a: Samurott
|
|t:|1644009533
|switch|p1a: Tauros|Tauros, M|23/100|[from]move: Volt Switch
|-damage|p1a: Tauros|10/100|[from] Stealth Rock
|
|upkeep
|
|t:|1644009546
|switch|p2a: Drifblim|Drifblim, M|100/100
|-damage|p2a: Drifblim|76/100|[from] Stealth Rock
|turn|15
|
|t:|1644009550
|move|p1a: Tauros|Rock Slide|p2a: Drifblim
|-supereffective|p2a: Drifblim
|-damage|p2a: Drifblim|0 fnt
|faint|p2a: Drifblim
|
|upkeep
|
|t:|1644009552
|switch|p2a: Gardevoir|Gardevoir, F|100/100
|-damage|p2a: Gardevoir|88/100|[from] Stealth Rock
|-ability|p2a: Gardevoir|Sheer Force|[from] ability: Trace|[of] p1a: Tauros
|turn|16
|
|t:|1644009555
|move|p1a: Tauros|Rock Climb|p2a: Gardevoir
|-damage|p2a: Gardevoir|0 fnt
|faint|p2a: Gardevoir
|
|upkeep
|
|t:|1644009557
|switch|p2a: Sawsbuck|Sawsbuck, F|100/100
|-damage|p2a: Sawsbuck|88/100|[from] Stealth Rock
|turn|17
|
|t:|1644009559
|move|p1a: Tauros|Rock Climb|p2a: Sawsbuck
|-damage|p2a: Sawsbuck|0 fnt
|faint|p2a: Sawsbuck
|
|win|Codeine Dealer
|c|☆voltypichu|gg
|c|☆Codeine Dealer|ggs
|c|☆Codeine Dealer|sorry for g1
