|j|☆Elcabezaderodilla
|j|☆Umbreo197
|t:|1644122166
|gametype|singles
|player|p1|Elcabezaderodilla|will|1413
|player|p2|Umbreo197|unknown|1395
|teamsize|p1|6
|teamsize|p2|6
|gen|5
|tier|[Gen 5] OU
|rated|
|rule|Species Clause: Limit one of each Pokémon
|rule|OHKO Clause: OHKO moves are banned
|rule|Moody Clause: Moody is banned
|rule|Evasion Moves Clause: Evasion moves are banned
|rule|Endless Battle Clause: Forcing endless battles is banned
|rule|HP Percentage Mod: HP is shown in percentages
|rule|Evasion Abilities Clause: Evasion abilities are banned
|rule|Sleep Clause: Sleep-inducing moves are banned
|rule|Swagger Clause: Swagger is banned
|clearpoke
|poke|p1|Abomasnow, M|item
|poke|p1|Walrein, F|item
|poke|p1|Tentacruel, F|item
|poke|p1|Jirachi|item
|poke|p1|Mew|item
|poke|p1|Conkeldurr, F|item
|poke|p2|Skarmory, M|item
|poke|p2|Seismitoad, M|item
|poke|p2|Tyranitar, F|item
|poke|p2|Alakazam, F|item
|poke|p2|Reuniclus, M|item
|poke|p2|Hydreigon, M|item
|teampreview
|
|t:|1644122212
|start
|switch|p1a: Mew|Mew|100/100
|switch|p2a: Seismitoad|Seismitoad, M|100/100
|turn|1
|
|t:|1644122217
|move|p2a: Seismitoad|Protect|p2a: Seismitoad
|-singleturn|p2a: Seismitoad|Protect
|move|p1a: Mew|Psychic|p2a: Seismitoad
|-activate|p2a: Seismitoad|move: Protect
|
|upkeep
|turn|2
|
|t:|1644122220
|move|p1a: Mew|Psychic|p2a: Seismitoad
|-damage|p2a: Seismitoad|48/100
|-damage|p1a: Mew|91/100|[from] item: Life Orb
|move|p2a: Seismitoad|Stealth Rock|p1a: Mew
|-sidestart|p1: Elcabezaderodilla|move: Stealth Rock
|
|-heal|p2a: Seismitoad|54/100|[from] item: Leftovers
|upkeep
|turn|3
|
|t:|1644122226
|move|p2a: Seismitoad|Protect|p2a: Seismitoad
|-singleturn|p2a: Seismitoad|Protect
|move|p1a: Mew|Earth Power|p2a: Seismitoad
|-activate|p2a: Seismitoad|move: Protect
|
|-heal|p2a: Seismitoad|60/100|[from] item: Leftovers
|upkeep
|turn|4
|
|t:|1644122230
|switch|p2a: Hydreigon|Hydreigon, M|100/100
|move|p1a: Mew|Earth Power|p2a: Hydreigon
|-immune|p2a: Hydreigon|[from] ability: Levitate
|
|upkeep
|turn|5
|
|t:|1644122238
|switch|p1a: Walrein|Walrein, F|100/100
|-damage|p1a: Walrein|76/100|[from] Stealth Rock
|move|p2a: Hydreigon|Dark Pulse|p1a: Walrein
|-damage|p1a: Walrein|42/100
|-damage|p2a: Hydreigon|91/100|[from] item: Life Orb
|
|-heal|p1a: Walrein|48/100|[from] item: Leftovers
|upkeep
|turn|6
|
|t:|1644122245
|move|p1a: Walrein|Protect|p1a: Walrein
|-singleturn|p1a: Walrein|Protect
|move|p2a: Hydreigon|Focus Blast|p1a: Walrein
|-activate|p1a: Walrein|move: Protect
|
|-heal|p1a: Walrein|54/100|[from] item: Leftovers
|upkeep
|turn|7
|
|t:|1644122253
|switch|p1a: Jirachi|Jirachi|100/100
|-damage|p1a: Jirachi|94/100|[from] Stealth Rock
|move|p2a: Hydreigon|Dark Pulse|p1a: Jirachi
|-damage|p1a: Jirachi|44/100
|-damage|p2a: Hydreigon|81/100|[from] item: Life Orb
|
|-heal|p1a: Jirachi|50/100|[from] item: Leftovers
|upkeep
|turn|8
|
|t:|1644122264
|move|p1a: Jirachi|Protect|p1a: Jirachi
|-singleturn|p1a: Jirachi|Protect
|move|p2a: Hydreigon|Flamethrower|p1a: Jirachi
|-activate|p1a: Jirachi|move: Protect
|
|-heal|p1a: Jirachi|56/100|[from] item: Leftovers
|upkeep
|turn|9
|
|t:|1644122268
|move|p2a: Hydreigon|Dark Pulse|p1a: Jirachi
|-damage|p1a: Jirachi|10/100
|-damage|p2a: Hydreigon|71/100|[from] item: Life Orb
|move|p1a: Jirachi|Wish|p1a: Jirachi
|
|-heal|p1a: Jirachi|16/100|[from] item: Leftovers
|upkeep
|turn|10
|
|t:|1644122273
|move|p1a: Jirachi|Protect|p1a: Jirachi
|-singleturn|p1a: Jirachi|Protect
|move|p2a: Hydreigon|Roost|p2a: Hydreigon
|-heal|p2a: Hydreigon|100/100
|-singleturn|p2a: Hydreigon|move: Roost
|
|-heal|p1a: Jirachi|66/100|[from] move: Wish|[wisher] Jirachi
|-heal|p1a: Jirachi|72/100|[from] item: Leftovers
|upkeep
|turn|11
|
|t:|1644122275
|move|p2a: Hydreigon|Flamethrower|p1a: Jirachi
|-supereffective|p1a: Jirachi
|-damage|p1a: Jirachi|0 fnt
|faint|p1a: Jirachi
|-damage|p2a: Hydreigon|91/100|[from] item: Life Orb
|
|upkeep
|
|t:|1644122278
|switch|p1a: Conkeldurr|Conkeldurr, F|100/100
|-damage|p1a: Conkeldurr|94/100|[from] Stealth Rock
|turn|12
|
|t:|1644122284
|switch|p2a: Skarmory|Skarmory, M|100/100
|move|p1a: Conkeldurr|Drain Punch|p2a: Skarmory
|-damage|p2a: Skarmory|74/100
|-heal|p1a: Conkeldurr|100/100|[from] drain|[of] p2a: Skarmory
|-damage|p1a: Conkeldurr|84/100|[from] item: Rocky Helmet|[of] p2a: Skarmory
|
|-heal|p1a: Conkeldurr|90/100|[from] item: Leftovers
|upkeep
|turn|13
|
|t:|1644122287
|move|p2a: Skarmory|Spikes|p1a: Conkeldurr
|-sidestart|p1: Elcabezaderodilla|Spikes
|move|p1a: Conkeldurr|Thunder Punch|p2a: Skarmory
|-supereffective|p2a: Skarmory
|-damage|p2a: Skarmory|38/100
|-damage|p1a: Conkeldurr|73/100|[from] item: Rocky Helmet|[of] p2a: Skarmory
|
|-heal|p1a: Conkeldurr|79/100|[from] item: Leftovers
|upkeep
|turn|14
|
|t:|1644122292
|move|p2a: Skarmory|Roost|p2a: Skarmory
|-heal|p2a: Skarmory|88/100
|-singleturn|p2a: Skarmory|move: Roost
|move|p1a: Conkeldurr|Drain Punch|p2a: Skarmory
|-supereffective|p2a: Skarmory
|-damage|p2a: Skarmory|31/100
|-heal|p1a: Conkeldurr|100/100|[from] drain|[of] p2a: Skarmory
|-damage|p1a: Conkeldurr|84/100|[from] item: Rocky Helmet|[of] p2a: Skarmory
|
|-heal|p1a: Conkeldurr|90/100|[from] item: Leftovers
|upkeep
|turn|15
|
|t:|1644122301
|move|p2a: Skarmory|Spikes|p1a: Conkeldurr
|-sidestart|p1: Elcabezaderodilla|Spikes
|move|p1a: Conkeldurr|Drain Punch|p2a: Skarmory
|-damage|p2a: Skarmory|4/100
|-heal|p1a: Conkeldurr|100/100|[from] drain|[of] p2a: Skarmory
|-damage|p1a: Conkeldurr|84/100|[from] item: Rocky Helmet|[of] p2a: Skarmory
|
|-heal|p1a: Conkeldurr|90/100|[from] item: Leftovers
|upkeep
|turn|16
|
|t:|1644122307
|move|p1a: Conkeldurr|Mach Punch|p2a: Skarmory
|-damage|p2a: Skarmory|0 fnt
|-damage|p1a: Conkeldurr|73/100|[from] item: Rocky Helmet|[of] p2a: Skarmory
|faint|p2a: Skarmory
|
|-heal|p1a: Conkeldurr|79/100|[from] item: Leftovers
|upkeep
|
|t:|1644122309
|switch|p2a: Alakazam|Alakazam, F|100/100
|turn|17
|
|t:|1644122322
|move|p2a: Alakazam|Psychic|p1a: Conkeldurr
|-supereffective|p1a: Conkeldurr
|-damage|p1a: Conkeldurr|0 fnt
|faint|p1a: Conkeldurr
|
|upkeep
|
|t:|1644122324
|switch|p1a: Abomasnow|Abomasnow, M|100/100
|-damage|p1a: Abomasnow|76/100|[from] Stealth Rock
|-damage|p1a: Abomasnow|59/100|[from] Spikes
|-weather|Hail|[from] ability: Snow Warning|[of] p1a: Abomasnow
|turn|18
|
|t:|1644122361
|move|p1a: Abomasnow|Protect|p1a: Abomasnow
|-singleturn|p1a: Abomasnow|Protect
|move|p2a: Alakazam|Psychic|p1a: Abomasnow
|-activate|p1a: Abomasnow|move: Protect
|
|-weather|Hail|[upkeep]
|-heal|p1a: Abomasnow|65/100|[from] item: Leftovers
|upkeep
|turn|19
|
|t:|1644122378
|move|p2a: Alakazam|Focus Blast|p1a: Abomasnow
|-supereffective|p1a: Abomasnow
|-damage|p1a: Abomasnow|4/100
|move|p1a: Abomasnow|Blizzard|p2a: Alakazam
|-damage|p2a: Alakazam|36/100
|
|-weather|Hail|[upkeep]
|-heal|p1a: Abomasnow|10/100|[from] item: Leftovers
|upkeep
|turn|20
|
|t:|1644122385
|switch|p2a: Tyranitar|Tyranitar, F|100/100
|-weather|Sandstorm|[from] ability: Sand Stream|[of] p2a: Tyranitar
|move|p1a: Abomasnow|Protect||[still]
|-fail|p1a: Abomasnow
|
|-weather|Sandstorm|[upkeep]
|-damage|p1a: Abomasnow|4/100|[from] Sandstorm
|-heal|p1a: Abomasnow|10/100|[from] item: Leftovers
|upkeep
|turn|21
|
|t:|1644122388
|-activate|p1a: Abomasnow|move: Pursuit
|move|p2a: Tyranitar|Pursuit|p1a: Abomasnow|[from]Pursuit
|-damage|p1a: Abomasnow|0 fnt
|faint|p1a: Abomasnow
|-hint|A Pokemon can't switch between when it runs out of HP and when it faints
|
|-weather|Sandstorm|[upkeep]
|upkeep
|
|t:|1644122389
|switch|p1a: Tentacruel|Tentacruel, F|100/100
|-damage|p1a: Tentacruel|84/100|[from] Spikes
|-damage|p1a: Tentacruel|72/100|[from] Stealth Rock
|turn|22
|
|t:|1644122406
|switch|p2a: Seismitoad|Seismitoad, M|60/100
|move|p1a: Tentacruel|Rapid Spin|p2a: Seismitoad
|-damage|p2a: Seismitoad|58/100
|-sideend|p1: Elcabezaderodilla|Spikes|[from] move: Rapid Spin|[of] p1a: Tentacruel
|-sideend|p1: Elcabezaderodilla|Stealth Rock|[from] move: Rapid Spin|[of] p1a: Tentacruel
|
|-weather|Sandstorm|[upkeep]
|-damage|p1a: Tentacruel|66/100|[from] Sandstorm
|-heal|p1a: Tentacruel|72/100|[from] item: Leftovers
|-heal|p2a: Seismitoad|64/100|[from] item: Leftovers
|upkeep
|turn|23
|
|t:|1644122410
|move|p1a: Tentacruel|Toxic Spikes|p2a: Seismitoad
|-sidestart|p2: Umbreo197|move: Toxic Spikes
|move|p2a: Seismitoad|Stealth Rock|p1a: Tentacruel
|-sidestart|p1: Elcabezaderodilla|move: Stealth Rock
|
|-weather|Sandstorm|[upkeep]
|-damage|p1a: Tentacruel|66/100|[from] Sandstorm
|-heal|p1a: Tentacruel|72/100|[from] item: Leftovers
|-heal|p2a: Seismitoad|70/100|[from] item: Leftovers
|upkeep
|turn|24
|
|t:|1644122413
|move|p1a: Tentacruel|Toxic Spikes|p2a: Seismitoad
|-sidestart|p2: Umbreo197|move: Toxic Spikes
|move|p2a: Seismitoad|Scald|p1a: Tentacruel
|-resisted|p1a: Tentacruel
|-damage|p1a: Tentacruel|63/100
|-status|p1a: Tentacruel|brn
|
|-weather|Sandstorm|[upkeep]
|-damage|p1a: Tentacruel|57/100 brn|[from] Sandstorm
|-heal|p1a: Tentacruel|63/100 brn|[from] item: Leftovers
|-heal|p2a: Seismitoad|77/100|[from] item: Leftovers
|-damage|p1a: Tentacruel|50/100 brn|[from] brn
|upkeep
|turn|25
|
|t:|1644122416
|move|p1a: Tentacruel|Rapid Spin|p2a: Seismitoad
|-damage|p2a: Seismitoad|76/100
|-sideend|p1: Elcabezaderodilla|Stealth Rock|[from] move: Rapid Spin|[of] p1a: Tentacruel
|move|p2a: Seismitoad|Scald|p1a: Tentacruel
|-resisted|p1a: Tentacruel
|-damage|p1a: Tentacruel|41/100 brn
|
|-weather|Sandstorm|[upkeep]
|-damage|p1a: Tentacruel|35/100 brn|[from] Sandstorm
|-heal|p1a: Tentacruel|41/100 brn|[from] item: Leftovers
|-heal|p2a: Seismitoad|82/100|[from] item: Leftovers
|-damage|p1a: Tentacruel|28/100 brn|[from] brn
|upkeep
|turn|26
|
|t:|1644122419
|switch|p1a: Walrein|Walrein, F|54/100
|move|p2a: Seismitoad|Stealth Rock|p1a: Walrein
|-sidestart|p1: Elcabezaderodilla|move: Stealth Rock
|
|-weather|Sandstorm|[upkeep]
|-damage|p1a: Walrein|48/100|[from] Sandstorm
|-heal|p2a: Seismitoad|88/100|[from] item: Leftovers
|-heal|p1a: Walrein|54/100|[from] item: Leftovers
|upkeep
|turn|27
|
|t:|1644122424
|move|p2a: Seismitoad|Scald|p1a: Walrein
|-resisted|p1a: Walrein
|-damage|p1a: Walrein|47/100
|move|p1a: Walrein|Substitute|p1a: Walrein
|-start|p1a: Walrein|Substitute
|-damage|p1a: Walrein|22/100
|
|-weather|Sandstorm|[upkeep]
|-damage|p1a: Walrein|16/100|[from] Sandstorm
|-heal|p2a: Seismitoad|94/100|[from] item: Leftovers
|-heal|p1a: Walrein|22/100|[from] item: Leftovers
|upkeep
|turn|28
|
|t:|1644122429
|move|p2a: Seismitoad|Scald|p1a: Walrein
|-resisted|p1a: Walrein
|-activate|p1a: Walrein|Substitute|[damage]
|move|p1a: Walrein|Toxic|p2a: Seismitoad
|-status|p2a: Seismitoad|tox
|
|-weather|Sandstorm|[upkeep]
|-damage|p1a: Walrein|16/100|[from] Sandstorm
|-heal|p2a: Seismitoad|99/100 tox|[from] item: Leftovers
|-heal|p1a: Walrein|22/100|[from] item: Leftovers
|-damage|p2a: Seismitoad|94/100 tox|[from] psn
|upkeep
|turn|29
|
|t:|1644122432
|move|p1a: Walrein|Protect|p1a: Walrein
|-singleturn|p1a: Walrein|Protect
|move|p2a: Seismitoad|Refresh|p2a: Seismitoad
|-curestatus|p2a: Seismitoad|tox|[msg]
|
|-weather|Sandstorm|[upkeep]
|-damage|p1a: Walrein|16/100|[from] Sandstorm
|-heal|p2a: Seismitoad|99/100|[from] item: Leftovers
|-heal|p1a: Walrein|22/100|[from] item: Leftovers
|upkeep
|turn|30
|
|t:|1644122436
|move|p2a: Seismitoad|Scald|p1a: Walrein
|-resisted|p1a: Walrein
|-activate|p1a: Walrein|Substitute|[damage]
|move|p1a: Walrein|Toxic|p2a: Seismitoad
|-status|p2a: Seismitoad|tox
|
|-weather|Sandstorm|[upkeep]
|-damage|p1a: Walrein|16/100|[from] Sandstorm
|-heal|p2a: Seismitoad|100/100 tox|[from] item: Leftovers
|-heal|p1a: Walrein|22/100|[from] item: Leftovers
|-damage|p2a: Seismitoad|94/100 tox|[from] psn
|upkeep
|turn|31
|
|t:|1644122440
|move|p2a: Seismitoad|Refresh|p2a: Seismitoad
|-curestatus|p2a: Seismitoad|tox|[msg]
|move|p1a: Walrein|Surf|p2a: Seismitoad
|-heal|p2a: Seismitoad|100/100|[from] ability: Water Absorb|[of] p1a: Walrein
|
|-weather|Sandstorm|[upkeep]
|-damage|p1a: Walrein|16/100|[from] Sandstorm
|-heal|p1a: Walrein|22/100|[from] item: Leftovers
|upkeep
|turn|32
|-message|Elcabezaderodilla forfeited.
|
|win|Umbreo197
|raw|Elcabezaderodilla's rating: 1413 &rarr; <strong>1392</strong><br />(-21 for losing)
|raw|Umbreo197's rating: 1395 &rarr; <strong>1416</strong><br />(+21 for winning)
