|j|☆nucr d
|j|☆Mimikyu Stardust
|t:|1634899931
|gametype|singles
|player|p1|nucr d|giovanni-gen3|
|player|p2|Mimikyu Stardust|lillie-z|
|teamsize|p1|6
|teamsize|p2|6
|gen|5
|tier|[Gen 5] NU
|rated|Tournament battle
|rule|Species Clause: Limit one of each Pokémon
|rule|OHKO Clause: OHKO moves are banned
|rule|Moody Clause: Moody is banned
|rule|Evasion Moves Clause: Evasion moves are banned
|rule|Endless Battle Clause: Forcing endless battles is banned
|rule|HP Percentage Mod: HP is shown in percentages
|rule|Evasion Abilities Clause: Evasion abilities are banned
|rule|Baton Pass Clause: Limit one Baton Passer, can't pass Spe and other stats simultaneously
|rule|Swagger Clause: Swagger is banned
|rule|Sleep Clause Mod: Limit one foe put to sleep
|clearpoke
|poke|p1|Alomomola, M|item
|poke|p1|Charizard, F|item
|poke|p1|Eelektross, M|item
|poke|p1|Serperior, F|item
|poke|p1|Golurk|item
|poke|p1|Skuntank, F|item
|poke|p2|Swellow, F|item
|poke|p2|Kangaskhan, F|item
|poke|p2|Zangoose, F|item
|poke|p2|Gothorita, M|item
|poke|p2|Golurk|item
|poke|p2|Rotom-Frost|item
|teampreview
|
|t:|1634899971
|start
|switch|p1a: Golurk|Golurk|100/100
|switch|p2a: Rotom|Rotom-Frost|100/100
|turn|1
|
|t:|1634899978
|switch|p1a: Charizard|Charizard, F|100/100
|move|p2a: Rotom|Blizzard|p1a: Charizard
|-damage|p1a: Charizard|32/100
|
|upkeep
|turn|2
|
|t:|1634899993
|switch|p2a: Golurk|Golurk|100/100
|move|p1a: Charizard|Flamethrower|p2a: Golurk
|-damage|p2a: Golurk|0 fnt
|faint|p2a: Golurk
|
|upkeep
|
|t:|1634900007
|switch|p2a: Kangaskhan|Kangaskhan, F|100/100
|turn|3
|
|t:|1634900012
|switch|p1a: Alomomola|Alomomola, M|100/100
|move|p2a: Kangaskhan|Fake Out|p1a: Alomomola
|-damage|p1a: Alomomola|88/100
|-damage|p2a: Kangaskhan|84/100|[from] item: Rocky Helmet|[of] p1a: Alomomola
|
|upkeep
|turn|4
|
|t:|1634900018
|switch|p2a: Rotom|Rotom-Frost|100/100
|move|p1a: Alomomola|Scald|p2a: Rotom
|-damage|p2a: Rotom|81/100
|
|upkeep
|turn|5
|
|t:|1634900023
|switch|p1a: Eelektross|Eelektross, M|100/100
|move|p2a: Rotom|Thunderbolt|p1a: Eelektross
|-resisted|p1a: Eelektross
|-damage|p1a: Eelektross|75/100
|
|-heal|p1a: Eelektross|81/100|[from] item: Leftovers
|upkeep
|turn|6
|
|t:|1634900030
|move|p2a: Rotom|Blizzard|p1a: Eelektross
|-damage|p1a: Eelektross|26/100
|move|p1a: Eelektross|Flamethrower|p2a: Rotom
|-supereffective|p2a: Rotom
|-damage|p2a: Rotom|0 fnt
|faint|p2a: Rotom
|
|-heal|p1a: Eelektross|32/100|[from] item: Leftovers
|upkeep
|
|t:|1634900035
|switch|p2a: Swellow|Swellow, F|100/100
|turn|7
|
|t:|1634900040
|switch|p1a: Alomomola|Alomomola, M|100/100
|move|p2a: Swellow|Facade|p1a: Alomomola
|-damage|p1a: Alomomola|85/100
|-damage|p2a: Swellow|84/100|[from] item: Rocky Helmet|[of] p1a: Alomomola
|
|-status|p2a: Swellow|tox|[from] item: Toxic Orb
|upkeep
|turn|8
|
|t:|1634900045
|move|p1a: Alomomola|Protect|p1a: Alomomola
|-singleturn|p1a: Alomomola|Protect
|move|p2a: Swellow|Facade|p1a: Alomomola
|-activate|p1a: Alomomola|move: Protect
|
|-damage|p2a: Swellow|78/100 tox|[from] psn
|upkeep
|turn|9
|
|t:|1634900052
|switch|p2a: Gothorita|Gothorita, M|100/100
|switch|p1a: Golurk|Golurk|100/100
|
|upkeep
|turn|10
|
|t:|1634900065
|switch|p2a: Zangoose|Zangoose, F|100/100
|move|p1a: Golurk|Stealth Rock|p2a: Zangoose
|-sidestart|p2: Mimikyu Stardust|move: Stealth Rock
|
|-status|p2a: Zangoose|tox|[from] item: Toxic Orb
|upkeep
|turn|11
|
|t:|1634900070
|switch|p2a: Gothorita|Gothorita, M|100/100
|-damage|p2a: Gothorita|88/100|[from] Stealth Rock
|move|p1a: Golurk|Earthquake|p2a: Gothorita
|-damage|p2a: Gothorita|9/100
|
|upkeep
|turn|12
|-message|Mimikyu Stardust forfeited.
|
|win|nucr d
|n|☆nucr d|nucrd
|n|☆Mimikyu Stardust|mimikyustardust
|l|☆Mimikyu Stardust
|j| AnyMaxQuakers?
|l|☆nucr d
