|j|☆uranium5
|j|☆Y0M1
|t:|1644103086
|gametype|singles
|player|p1|uranium5|blue|1199
|player|p2|Y0M1|teamaquagruntm-gen3|1116
|teamsize|p1|6
|teamsize|p2|6
|gen|5
|tier|[Gen 5] OU
|rated|
|rule|Species Clause: Limit one of each Pokémon
|rule|OHKO Clause: OHKO moves are banned
|rule|Moody Clause: Moody is banned
|rule|Evasion Moves Clause: Evasion moves are banned
|rule|Endless Battle Clause: Forcing endless battles is banned
|rule|HP Percentage Mod: HP is shown in percentages
|rule|Evasion Abilities Clause: Evasion abilities are banned
|rule|Sleep Clause: Sleep-inducing moves are banned
|rule|Swagger Clause: Swagger is banned
|clearpoke
|poke|p1|Magnezone|item
|poke|p1|Jirachi|item
|poke|p1|Latios, M|item
|poke|p1|Garchomp, M|item
|poke|p1|Dragonite, F|item
|poke|p1|Kyurem-Black|item
|poke|p2|Tyranitar, M|item
|poke|p2|Ferrothorn, F|item
|poke|p2|Reuniclus, M|item
|poke|p2|Latios, M|item
|poke|p2|Landorus-Therian, M|item
|poke|p2|Alakazam, F|item
|teampreview
|inactive|Battle timer is ON: inactive players will automatically lose when time's up. (requested by Y0M1)
|
|t:|1644103100
|start
|switch|p1a: Garchomp|Garchomp, M|100/100
|switch|p2a: Landorus|Landorus-Therian, M, shiny|100/100
|-ability|p2a: Landorus|Intimidate|boost
|-unboost|p1a: Garchomp|atk|1
|turn|1
|c|☆uranium5|glhf
|c|☆Y0M1|u2
|
|t:|1644103119
|move|p1a: Garchomp|Stealth Rock|p2a: Landorus
|-sidestart|p2: Y0M1|move: Stealth Rock
|move|p2a: Landorus|Stealth Rock|p1a: Garchomp
|-sidestart|p1: uranium5|move: Stealth Rock
|
|upkeep
|turn|2
|
|t:|1644103138
|switch|p1a: Kyurem|Kyurem-Black, shiny|100/100
|-damage|p1a: Kyurem|76/100|[from] Stealth Rock
|-ability|p1a: Kyurem|Teravolt
|move|p2a: Landorus|Hidden Power|p1a: Kyurem
|-damage|p1a: Kyurem|58/100
|
|upkeep
|turn|3
|c|☆uranium5|so you are hp ice
|
|t:|1644103155
|move|p1a: Kyurem|Ice Beam|p2a: Landorus
|-supereffective|p2a: Landorus
|-damage|p2a: Landorus|0 fnt
|faint|p2a: Landorus
|
|upkeep
|
|t:|1644103177
|switch|p2a: Reuniclus|Reuniclus, M, shiny|100/100
|turn|4
|
|t:|1644103196
|switch|p1a: Jirachi|Jirachi|100/100
|-damage|p1a: Jirachi|94/100|[from] Stealth Rock
|move|p2a: Reuniclus|Calm Mind|p2a: Reuniclus
|-boost|p2a: Reuniclus|spa|1
|-boost|p2a: Reuniclus|spd|1
|
|-heal|p1a: Jirachi|100/100|[from] item: Leftovers
|upkeep
|turn|5
|
|t:|1644103206
|move|p1a: Jirachi|U-turn|p2a: Reuniclus
|-supereffective|p2a: Reuniclus
|-damage|p2a: Reuniclus|75/100
|inactive|uranium5 has 120 seconds left.
|
|t:|1644103231
|switch|p1a: Latios|Latios, M|100/100|[from]move: U-turn
|-damage|p1a: Latios|88/100|[from] Stealth Rock
|move|p2a: Reuniclus|Focus Blast|p1a: Latios
|-resisted|p1a: Latios
|-damage|p1a: Latios|63/100
|-unboost|p1a: Latios|spd|1
|
|-heal|p2a: Reuniclus|82/100|[from] item: Leftovers
|upkeep
|turn|6
|
|t:|1644103248
|switch|p2a: Tyranitar|Tyranitar, M, shiny|100/100
|-damage|p2a: Tyranitar|88/100|[from] Stealth Rock
|-weather|Sandstorm|[from] ability: Sand Stream|[of] p2a: Tyranitar
|move|p1a: Latios|Draco Meteor|p2a: Tyranitar
|-damage|p2a: Tyranitar|48/100
|-unboost|p1a: Latios|spa|2
|
|-weather|Sandstorm|[upkeep]
|-damage|p1a: Latios|57/100|[from] Sandstorm
|upkeep
|turn|7
|
|t:|1644103269
|move|p1a: Latios|Draco Meteor|p2a: Tyranitar
|-damage|p2a: Tyranitar|26/100
|-unboost|p1a: Latios|spa|2
|move|p2a: Tyranitar|Pursuit|p1a: Latios
|-supereffective|p1a: Latios
|-damage|p1a: Latios|0 fnt
|faint|p1a: Latios
|
|-weather|Sandstorm|[upkeep]
|upkeep
|inactive|uranium5 has 90 seconds left.
|
|t:|1644103294
|switch|p1a: Jirachi|Jirachi|100/100
|-damage|p1a: Jirachi|94/100|[from] Stealth Rock
|turn|8
|
|t:|1644103301
|switch|p2a: Ferrothorn|Ferrothorn, F, shiny|100/100
|-damage|p2a: Ferrothorn|94/100|[from] Stealth Rock
|move|p1a: Jirachi|U-turn|p2a: Ferrothorn
|-damage|p2a: Ferrothorn|81/100
|-damage|p1a: Jirachi|82/100|[from] ability: Iron Barbs|[of] p2a: Ferrothorn
|
|t:|1644103310
|switch|p1a: Magnezone|Magnezone, shiny|100/100|[from]move: U-turn
|-damage|p1a: Magnezone|94/100|[from] Stealth Rock
|-item|p1a: Magnezone|Air Balloon
|
|-weather|Sandstorm|[upkeep]
|-heal|p2a: Ferrothorn|87/100|[from] item: Leftovers
|upkeep
|turn|9
|inactive|uranium5 has 90 seconds left.
|
|t:|1644103329
|move|p1a: Magnezone|Sunny Day|p1a: Magnezone
|-weather|SunnyDay
|move|p2a: Ferrothorn|Spikes|p1a: Magnezone
|-sidestart|p1: uranium5|Spikes
|
|-weather|SunnyDay|[upkeep]
|-heal|p2a: Ferrothorn|93/100|[from] item: Leftovers
|upkeep
|turn|10
|
|t:|1644103334
|move|p1a: Magnezone|Hidden Power|p2a: Ferrothorn
|-supereffective|p2a: Ferrothorn
|-crit|p2a: Ferrothorn
|-damage|p2a: Ferrothorn|0 fnt
|faint|p2a: Ferrothorn
|
|-weather|SunnyDay|[upkeep]
|upkeep
|
|t:|1644103355
|switch|p2a: Alakazam|Alakazam, F, shiny|100/100
|turn|11
|
|t:|1644103361
|switch|p1a: Garchomp|Garchomp, M|100/100
|-damage|p1a: Garchomp|94/100|[from] Stealth Rock
|-damage|p1a: Garchomp|82/100|[from] Spikes
|move|p2a: Alakazam|Hidden Power|p1a: Garchomp
|-resisted|p1a: Garchomp
|-damage|p1a: Garchomp|60/100
|
|-weather|SunnyDay|[upkeep]
|upkeep
|turn|12
|c|☆uranium5|no hp ice ok
|inactive|uranium5 has 90 seconds left.
|
|t:|1644103377
|move|p1a: Garchomp|Dual Chop|p2a: Alakazam
|-damage|p2a: Alakazam|46/100
|-damage|p2a: Alakazam|0 fnt
|faint|p2a: Alakazam
|-hitcount|p2: Alakazam|2
|
|-weather|SunnyDay|[upkeep]
|upkeep
|
|t:|1644103381
|switch|p2a: Latios|Latios, M, shiny|100/100
|-damage|p2a: Latios|88/100|[from] Stealth Rock
|turn|13
|
|t:|1644103392
|move|p2a: Latios|Trick|p1a: Garchomp
|-activate|p2a: Latios|move: Trick|[of] p1a: Garchomp
|-item|p1a: Garchomp|Choice Scarf|[from] move: Trick
|-item|p2a: Latios|Choice Scarf|[from] move: Trick
|move|p1a: Garchomp|Dual Chop|p2a: Latios
|-supereffective|p2a: Latios
|-damage|p2a: Latios|32/100
|-supereffective|p2a: Latios
|-damage|p2a: Latios|0 fnt
|faint|p2a: Latios
|-hitcount|p2: Latios|2
|
|-weather|none
|upkeep
|-message|Y0M1 forfeited.
|
|win|uranium5
|raw|uranium5's rating: 1199 &rarr; <strong>1218</strong><br />(+19 for winning)
|raw|Y0M1's rating: 1116 &rarr; <strong>1097</strong><br />(-19 for losing)
|l|☆Y0M1
|c|☆uranium5|nice
|c|☆uranium5|lmao
