|j|☆afdvsc
|j|☆Kodiak_45
|t:|1643562937
|gametype|singles
|player|p1|afdvsc|ethan|
|player|p2|Kodiak_45|hilbert|
|teamsize|p1|6
|teamsize|p2|6
|gen|5
|tier|[Gen 5] LC
|rule|Species Clause: Limit one of each Pokémon
|rule|OHKO Clause: OHKO moves are banned
|rule|Moody Clause: Moody is banned
|rule|Evasion Moves Clause: Evasion moves are banned
|rule|Endless Battle Clause: Forcing endless battles is banned
|rule|HP Percentage Mod: HP is shown in percentages
|rule|Sleep Clause: Sleep-inducing moves are banned
|clearpoke
|poke|p1|Larvesta, L5, M|item
|poke|p1|Carvanha, L5, M|item
|poke|p1|Staryu, L5|item
|poke|p1|Drilbur, L5, F|item
|poke|p1|Timburr, L5, F|item
|poke|p1|Abra, L5, M|item
|poke|p2|Riolu, L5, M|item
|poke|p2|Ferroseed, L5, F|item
|poke|p2|Frillish, L5, F|item
|poke|p2|Natu, L5, F|item
|poke|p2|Shelmet, L5, F|item
|poke|p2|Mienfoo, L5, M|item
|teampreview
|j| Catzrule
|c|☆Kodiak_45|gl hf
|c|☆afdvsc|glhf
|inactive|Battle timer is ON: inactive players will automatically lose when time's up. (requested by Kodiak_45)
|
|t:|1643562996
|start
|switch|p1a: Abra|Abra, L5, M|100/100
|switch|p2a: Mienfoo|Mienfoo, L5, M|100/100
|turn|1
|
|t:|1643563018
|switch|p1a: Larvesta|Larvesta, L5, M|100/100
|move|p2a: Mienfoo|Fake Out|p1a: Larvesta
|-damage|p1a: Larvesta|87/100
|
|upkeep
|turn|2
|l| Catzrule
|
|t:|1643563034
|switch|p2a: Frillish|Frillish, L5, F|100/100
|move|p1a: Larvesta|U-turn|p2a: Frillish
|-resisted|p2a: Frillish
|-crit|p2a: Frillish
|-damage|p2a: Frillish|72/100
|
|t:|1643563041
|switch|p1a: Carvanha|Carvanha, L5, M|100/100|[from]move: U-turn
|
|upkeep
|turn|3
|
|t:|1643563047
|switch|p2a: Ferroseed|Ferroseed, L5, F|100/100
|move|p1a: Carvanha|Waterfall|p2a: Ferroseed
|-resisted|p2a: Ferroseed
|-damage|p2a: Ferroseed|82/100
|-damage|p1a: Carvanha|90/100|[from] ability: Iron Barbs|[of] p2a: Ferroseed
|-damage|p1a: Carvanha|85/100|[from] item: Life Orb
|
|-ability|p1a: Carvanha|Speed Boost|boost
|-boost|p1a: Carvanha|spe|1
|upkeep
|turn|4
|
|t:|1643563062
|switch|p1a: Larvesta|Larvesta, L5, M|87/100
|move|p2a: Ferroseed|Thunder Wave|p1a: Larvesta
|-status|p1a: Larvesta|par
|
|upkeep
|turn|5
|
|t:|1643563080
|switch|p2a: Mienfoo|Mienfoo, L5, M|100/100
|cant|p1a: Larvesta|par
|
|upkeep
|turn|6
|
|t:|1643563092
|move|p2a: Mienfoo|Knock Off|p1a: Larvesta
|-damage|p1a: Larvesta|79/100 par
|-status|p2a: Mienfoo|brn|[from] ability: Flame Body|[of] p1a: Larvesta
|-enditem|p1a: Larvesta|Eviolite|[from] move: Knock Off|[of] p2a: Mienfoo
|move|p1a: Larvesta|U-turn|p2a: Mienfoo
|-resisted|p2a: Mienfoo
|-damage|p2a: Mienfoo|83/100 brn
|
|t:|1643563098
|switch|p1a: Abra|Abra, L5, M|100/100|[from]move: U-turn
|
|-damage|p2a: Mienfoo|74/100 brn|[from] brn
|upkeep
|turn|7
|inactive|Kodiak_45 has 270 seconds left.
|
|t:|1643563137
|switch|p2a: Natu|Natu, L5, F|100/100
|move|p1a: Abra|Knock Off|p2a: Natu
|-supereffective|p2a: Natu
|-damage|p2a: Natu|82/100
|-enditem|p2a: Natu|Eviolite|[from] move: Knock Off|[of] p1a: Abra
|
|upkeep
|turn|8
|inactive|Kodiak_45 has 270 seconds left.
|
|t:|1643563160
|switch|p1a: Carvanha|Carvanha, L5, M|85/100
|move|p2a: Natu|Heat Wave|p1a: Carvanha|[miss]
|-miss|p2a: Natu|p1a: Carvanha
|
|upkeep
|turn|9
|
|t:|1643563173
|switch|p1a: Timburr|Timburr, L5, F|100/100
|switch|p2a: Mienfoo|Mienfoo, L5, M|100/100 brn
|
|-damage|p2a: Mienfoo|92/100 brn|[from] brn
|upkeep
|turn|10
|
|t:|1643563183
|move|p2a: Mienfoo|Fake Out|p1a: Timburr
|-damage|p1a: Timburr|96/100
|cant|p1a: Timburr|flinch
|
|-damage|p2a: Mienfoo|83/100 brn|[from] brn
|upkeep
|turn|11
|inactive|Kodiak_45 has 270 seconds left.
|
|t:|1643563195
|move|p2a: Mienfoo|U-turn|p1a: Timburr
|-resisted|p1a: Timburr
|-damage|p1a: Timburr|92/100
|
|t:|1643563202
|switch|p2a: Frillish|Frillish, L5, F|72/100|[from]move: U-turn
|move|p1a: Timburr|Drain Punch|p2a: Frillish
|-immune|p2a: Frillish
|
|upkeep
|turn|12
|inactive|Kodiak_45 has 270 seconds left.
|
|t:|1643563215
|move|p1a: Timburr|Payback|p2a: Frillish
|-supereffective|p2a: Frillish
|-damage|p2a: Frillish|40/100
|move|p2a: Frillish|Will-O-Wisp|p1a: Timburr
|-status|p1a: Timburr|brn
|
|-damage|p1a: Timburr|80/100 brn|[from] brn
|upkeep
|turn|13
|inactive|Kodiak_45 has 270 seconds left.
|
|t:|1643563224
|switch|p1a: Carvanha|Carvanha, L5, M|85/100
|move|p2a: Frillish|Recover|p2a: Frillish
|-heal|p2a: Frillish|92/100
|
|upkeep
|turn|14
|
|t:|1643563232
|switch|p1a: Timburr|Timburr, L5, F|80/100 brn
|switch|p2a: Ferroseed|Ferroseed, L5, F|82/100
|
|-damage|p1a: Timburr|67/100 brn|[from] brn
|upkeep
|turn|15
|
|t:|1643563241
|switch|p2a: Natu|Natu, L5, F|82/100
|move|p1a: Timburr|Bulk Up|p1a: Timburr
|-boost|p1a: Timburr|atk|1
|-boost|p1a: Timburr|def|1
|
|-damage|p1a: Timburr|55/100 brn|[from] brn
|upkeep
|turn|16
|
|t:|1643563245
|move|p2a: Natu|Calm Mind|p2a: Natu
|-boost|p2a: Natu|spa|1
|-boost|p2a: Natu|spd|1
|move|p1a: Timburr|Payback|p2a: Natu
|-supereffective|p2a: Natu
|-damage|p2a: Natu|0 fnt
|faint|p2a: Natu
|
|-damage|p1a: Timburr|42/100 brn|[from] brn
|upkeep
|
|t:|1643563250
|switch|p2a: Shelmet|Shelmet, L5, F|100/100
|turn|17
|
|t:|1643563259
|move|p2a: Shelmet|Spikes|p1a: Timburr
|-sidestart|p1: afdvsc|Spikes
|move|p1a: Timburr|Drain Punch|p2a: Shelmet
|-resisted|p2a: Shelmet
|-damage|p2a: Shelmet|84/100
|-heal|p1a: Timburr|50/100 brn|[from] drain|[of] p2a: Shelmet
|
|-damage|p1a: Timburr|38/100 brn|[from] brn
|upkeep
|turn|18
|
|t:|1643563266
|switch|p1a: Staryu|Staryu, L5|100/100
|-damage|p1a: Staryu|91/100|[from] Spikes
|move|p2a: Shelmet|Spikes|p1a: Staryu
|-sidestart|p1: afdvsc|Spikes
|
|upkeep
|turn|19
|
|t:|1643563290
|switch|p2a: Ferroseed|Ferroseed, L5, F|82/100
|move|p1a: Staryu|Thunderbolt|p2a: Ferroseed
|-resisted|p2a: Ferroseed
|-damage|p2a: Ferroseed|73/100
|
|upkeep
|turn|20
|inactive|Kodiak_45 has 270 seconds left.
|
|t:|1643563310
|move|p1a: Staryu|Rapid Spin|p2a: Ferroseed
|-resisted|p2a: Ferroseed
|-damage|p2a: Ferroseed|69/100
|-damage|p1a: Staryu|81/100|[from] ability: Iron Barbs|[of] p2a: Ferroseed
|-sideend|p1: afdvsc|Spikes|[from] move: Rapid Spin|[of] p1a: Staryu
|move|p2a: Ferroseed|Iron Head|p1a: Staryu
|-resisted|p1a: Staryu
|-damage|p1a: Staryu|67/100
|
|upkeep
|turn|21
|inactive|Kodiak_45 has 270 seconds left.
|
|t:|1643563324
|switch|p1a: Larvesta|Larvesta, L5, M|79/100 par
|move|p2a: Ferroseed|Stealth Rock|p1a: Larvesta
|-sidestart|p1: afdvsc|move: Stealth Rock
|
|upkeep
|turn|22
|
|t:|1643563333
|switch|p2a: Mienfoo|Mienfoo, L5, M|100/100 brn
|move|p1a: Larvesta|U-turn|p2a: Mienfoo
|-resisted|p2a: Mienfoo
|-damage|p2a: Mienfoo|83/100 brn
|
|t:|1643563357
|switch|p1a: Abra|Abra, L5, M|100/100|[from]move: U-turn
|
|-damage|p2a: Mienfoo|74/100 brn|[from] brn
|upkeep
|turn|23
|
|t:|1643563366
|move|p2a: Mienfoo|Fake Out|p1a: Abra
|-damage|p1a: Abra|85/100
|cant|p1a: Abra|flinch
|
|-damage|p2a: Mienfoo|66/100 brn|[from] brn
|upkeep
|turn|24
|
|t:|1643563374
|switch|p2a: Ferroseed|Ferroseed, L5, F|69/100
|move|p1a: Abra|Knock Off|p2a: Ferroseed
|-resisted|p2a: Ferroseed
|-damage|p2a: Ferroseed|64/100
|-enditem|p2a: Ferroseed|Eviolite|[from] move: Knock Off|[of] p1a: Abra
|
|upkeep
|turn|25
|
|t:|1643563381
|switch|p1a: Timburr|Timburr, L5, F|38/100 brn
|-damage|p1a: Timburr|34/100 brn|[from] Stealth Rock
|move|p2a: Ferroseed|Spikes|p1a: Timburr
|-sidestart|p1: afdvsc|Spikes
|
|-damage|p1a: Timburr|21/100 brn|[from] brn
|upkeep
|turn|26
|
|t:|1643563391
|move|p1a: Timburr|Payback|p2a: Ferroseed
|-resisted|p2a: Ferroseed
|-damage|p2a: Ferroseed|60/100
|-damage|p1a: Timburr|9/100 brn|[from] ability: Iron Barbs|[of] p2a: Ferroseed
|move|p2a: Ferroseed|Spikes|p1a: Timburr
|-sidestart|p1: afdvsc|Spikes
|
|-damage|p1a: Timburr|0 fnt|[from] brn
|faint|p1a: Timburr
|upkeep
|
|t:|1643563400
|switch|p1a: Staryu|Staryu, L5|67/100
|-damage|p1a: Staryu|58/100|[from] Stealth Rock
|-damage|p1a: Staryu|43/100|[from] Spikes
|turn|27
|
|t:|1643563413
|move|p1a: Staryu|Recover|p1a: Staryu
|-heal|p1a: Staryu|96/100
|move|p2a: Ferroseed|Iron Head|p1a: Staryu
|-resisted|p1a: Staryu
|-damage|p1a: Staryu|81/100
|
|upkeep
|turn|28
|
|t:|1643563438
|move|p1a: Staryu|Rapid Spin|p2a: Ferroseed
|-resisted|p2a: Ferroseed
|-damage|p2a: Ferroseed|55/100
|-damage|p1a: Staryu|72/100|[from] ability: Iron Barbs|[of] p2a: Ferroseed
|-sideend|p1: afdvsc|Spikes|[from] move: Rapid Spin|[of] p1a: Staryu
|-sideend|p1: afdvsc|Stealth Rock|[from] move: Rapid Spin|[of] p1a: Staryu
|move|p2a: Ferroseed|Thunder Wave|p1a: Staryu
|-status|p1a: Staryu|par
|
|upkeep
|turn|29
|
|t:|1643563447
|-curestatus|p1a: Staryu|par|[from] ability: Natural Cure
|switch|p1a: Larvesta|Larvesta, L5, M|79/100 par
|move|p2a: Ferroseed|Spikes|p1a: Larvesta
|-sidestart|p1: afdvsc|Spikes
|
|upkeep
|turn|30
|
|t:|1643563454
|switch|p2a: Frillish|Frillish, L5, F|92/100
|cant|p1a: Larvesta|par
|
|upkeep
|turn|31
|
|t:|1643563463
|switch|p1a: Carvanha|Carvanha, L5, M|85/100
|-damage|p1a: Carvanha|74/100|[from] Spikes
|move|p2a: Frillish|Scald|p1a: Carvanha
|-resisted|p1a: Carvanha
|-damage|p1a: Carvanha|43/100
|
|upkeep
|turn|32
|
|t:|1643563478
|switch|p1a: Larvesta|Larvesta, L5, M|79/100 par
|-damage|p1a: Larvesta|70/100 par|[from] Spikes
|switch|p2a: Ferroseed|Ferroseed, L5, F|55/100
|
|upkeep
|turn|33
|inactive|Kodiak_45 has 270 seconds left.
|
|t:|1643563515
|move|p2a: Ferroseed|Stealth Rock|p1a: Larvesta
|-sidestart|p1: afdvsc|move: Stealth Rock
|cant|p1a: Larvesta|par
|
|upkeep
|turn|34
|inactive|Kodiak_45 has 270 seconds left.
|
|t:|1643563532
|switch|p2a: Mienfoo|Mienfoo, L5, M|96/100 brn
|move|p1a: Larvesta|U-turn|p2a: Mienfoo
|-resisted|p2a: Mienfoo
|-damage|p2a: Mienfoo|79/100 brn
|
|t:|1643563552
|switch|p1a: Staryu|Staryu, L5|72/100|[from]move: U-turn
|-damage|p1a: Staryu|62/100|[from] Stealth Rock
|-damage|p1a: Staryu|53/100|[from] Spikes
|
|-damage|p2a: Mienfoo|70/100 brn|[from] brn
|upkeep
|turn|35
|inactive|Kodiak_45 has 270 seconds left.
|
|t:|1643563587
|move|p2a: Mienfoo|Fake Out|p1a: Staryu
|-damage|p1a: Staryu|48/100
|cant|p1a: Staryu|flinch
|
|-damage|p2a: Mienfoo|61/100 brn|[from] brn
|upkeep
|turn|36
|inactive|Kodiak_45 has 240 seconds left.
|
|t:|1643563605
|move|p1a: Staryu|Rapid Spin|p2a: Mienfoo
|-damage|p2a: Mienfoo|57/100 brn
|-sideend|p1: afdvsc|Spikes|[from] move: Rapid Spin|[of] p1a: Staryu
|-sideend|p1: afdvsc|Stealth Rock|[from] move: Rapid Spin|[of] p1a: Staryu
|move|p2a: Mienfoo|U-turn|p1a: Staryu
|-damage|p1a: Staryu|39/100
|inactive|Kodiak_45 has 240 seconds left.
|
|t:|1643563621
|switch|p2a: Frillish|Frillish, L5, F|92/100|[from]move: U-turn
|
|upkeep
|turn|37
|
|t:|1643563627
|move|p1a: Staryu|Recover|p1a: Staryu
|-heal|p1a: Staryu|91/100
|move|p2a: Frillish|Giga Drain|p1a: Staryu
|-supereffective|p1a: Staryu
|-damage|p1a: Staryu|43/100
|-heal|p2a: Frillish|100/100|[from] drain|[of] p1a: Staryu
|
|upkeep
|turn|38
|
|t:|1643563634
|move|p1a: Staryu|Recover|p1a: Staryu
|-heal|p1a: Staryu|96/100
|move|p2a: Frillish|Giga Drain|p1a: Staryu
|-supereffective|p1a: Staryu
|-damage|p1a: Staryu|48/100
|
|upkeep
|turn|39
|
|t:|1643563648
|switch|p1a: Larvesta|Larvesta, L5, M|70/100 par
|move|p2a: Frillish|Giga Drain|p1a: Larvesta
|-resisted|p1a: Larvesta
|-damage|p1a: Larvesta|66/100 par
|
|upkeep
|turn|40
|
|t:|1643563656
|switch|p1a: Abra|Abra, L5, M|85/100
|move|p2a: Frillish|Scald|p1a: Abra
|-damage|p1a: Abra|32/100
|
|upkeep
|turn|41
|
|t:|1643563665
|switch|p2a: Ferroseed|Ferroseed, L5, F|55/100
|move|p1a: Abra|Knock Off|p2a: Ferroseed
|-resisted|p2a: Ferroseed
|-damage|p2a: Ferroseed|50/100
|
|upkeep
|turn|42
|
|t:|1643563690
|switch|p1a: Drilbur|Drilbur, L5, F|100/100
|-ability|p1a: Drilbur|Mold Breaker
|move|p2a: Ferroseed|Spikes|p1a: Drilbur
|-sidestart|p1: afdvsc|Spikes
|
|upkeep
|turn|43
|
|t:|1643563700
|move|p1a: Drilbur|Stealth Rock|p2a: Ferroseed
|-sidestart|p2: Kodiak_45|move: Stealth Rock
|move|p2a: Ferroseed|Stealth Rock|p1a: Drilbur
|-sidestart|p1: afdvsc|move: Stealth Rock
|
|upkeep
|turn|44
|
|t:|1643563706
|move|p1a: Drilbur|Rapid Spin|p2a: Ferroseed
|-resisted|p2a: Ferroseed
|-damage|p2a: Ferroseed|46/100
|-damage|p1a: Drilbur|92/100|[from] ability: Iron Barbs|[of] p2a: Ferroseed
|-sideend|p1: afdvsc|Spikes|[from] move: Rapid Spin|[of] p1a: Drilbur
|-sideend|p1: afdvsc|Stealth Rock|[from] move: Rapid Spin|[of] p1a: Drilbur
|move|p2a: Ferroseed|Iron Head|p1a: Drilbur
|-crit|p1a: Drilbur
|-damage|p1a: Drilbur|9/100
|
|upkeep
|turn|45
|
|t:|1643563715
|move|p1a: Drilbur|Earthquake|p2a: Ferroseed
|-damage|p2a: Ferroseed|0 fnt
|faint|p2a: Ferroseed
|
|upkeep
|
|t:|1643563719
|switch|p2a: Mienfoo|Mienfoo, L5, M|87/100 brn
|-damage|p2a: Mienfoo|83/100 brn|[from] Stealth Rock
|turn|46
|inactive|Kodiak_45 has 270 seconds left.
|
|t:|1643563732
|switch|p1a: Larvesta|Larvesta, L5, M|66/100 par
|move|p2a: Mienfoo|High Jump Kick|p1a: Larvesta
|-resisted|p1a: Larvesta
|-damage|p1a: Larvesta|48/100 par
|
|-damage|p2a: Mienfoo|74/100 brn|[from] brn
|upkeep
|turn|47
|inactive|Kodiak_45 has 270 seconds left.
|
|t:|1643563743
|switch|p2a: Frillish|Frillish, L5, F|100/100
|-damage|p2a: Frillish|88/100|[from] Stealth Rock
|move|p1a: Larvesta|Morning Sun|p1a: Larvesta
|-heal|p1a: Larvesta|96/100 par
|
|upkeep
|turn|48
|inactive|Kodiak_45 has 270 seconds left.
|
|t:|1643563749
|switch|p1a: Carvanha|Carvanha, L5, M|43/100
|move|p2a: Frillish|Scald|p1a: Carvanha
|-resisted|p1a: Carvanha
|-damage|p1a: Carvanha|6/100
|
|upkeep
|turn|49
|
|t:|1643563757
|switch|p2a: Mienfoo|Mienfoo, L5, M|100/100 brn
|-damage|p2a: Mienfoo|96/100 brn|[from] Stealth Rock
|move|p1a: Carvanha|Waterfall|p2a: Mienfoo
|-damage|p2a: Mienfoo|44/100 brn
|-damage|p1a: Carvanha|0 fnt|[from] item: Life Orb
|faint|p1a: Carvanha
|
|-damage|p2a: Mienfoo|35/100 brn|[from] brn
|upkeep
|
|t:|1643563769
|switch|p1a: Staryu|Staryu, L5|48/100
|turn|50
|inactive|Kodiak_45 has 270 seconds left.
|
|t:|1643563801
|move|p2a: Mienfoo|Fake Out|p1a: Staryu
|-damage|p1a: Staryu|43/100
|cant|p1a: Staryu|flinch
|
|-damage|p2a: Mienfoo|27/100 brn|[from] brn
|upkeep
|turn|51
|
|t:|1643563809
|move|p1a: Staryu|Recover|p1a: Staryu
|-heal|p1a: Staryu|96/100
|move|p2a: Mienfoo|Knock Off|p1a: Staryu
|-damage|p1a: Staryu|91/100
|-enditem|p1a: Staryu|Eviolite|[from] move: Knock Off|[of] p2a: Mienfoo
|
|-damage|p2a: Mienfoo|18/100 brn|[from] brn
|upkeep
|turn|52
|
|t:|1643563817
|move|p1a: Staryu|Thunderbolt|p2a: Mienfoo
|-damage|p2a: Mienfoo|0 fnt
|faint|p2a: Mienfoo
|
|upkeep
|
|t:|1643563819
|switch|p2a: Frillish|Frillish, L5, F|88/100
|-damage|p2a: Frillish|76/100|[from] Stealth Rock
|turn|53
|
|t:|1643563822
|move|p1a: Staryu|Thunderbolt|p2a: Frillish
|-supereffective|p2a: Frillish
|-damage|p2a: Frillish|36/100
|-start|p1a: Staryu|Disable|Thunderbolt|[from] ability: Cursed Body|[of] p2a: Frillish
|move|p2a: Frillish|Giga Drain|p1a: Staryu
|-supereffective|p1a: Staryu
|-damage|p1a: Staryu|15/100
|-heal|p2a: Frillish|68/100|[from] drain|[of] p1a: Staryu
|
|upkeep
|turn|54
|
|t:|1643563837
|move|p1a: Staryu|Recover|p1a: Staryu
|-heal|p1a: Staryu|67/100
|move|p2a: Frillish|Scald|p1a: Staryu
|-resisted|p1a: Staryu
|-crit|p1a: Staryu
|-damage|p1a: Staryu|20/100
|
|upkeep
|turn|55
|
|t:|1643563842
|switch|p1a: Larvesta|Larvesta, L5, M|96/100 par
|move|p2a: Frillish|Giga Drain|p1a: Larvesta
|-resisted|p1a: Larvesta
|-damage|p1a: Larvesta|92/100 par
|-heal|p2a: Frillish|72/100|[from] drain|[of] p1a: Larvesta
|
|upkeep
|turn|56
|
|t:|1643563851
|switch|p1a: Staryu|Staryu, L5|20/100
|move|p2a: Frillish|Scald|p1a: Staryu
|-resisted|p1a: Staryu
|-damage|p1a: Staryu|0 fnt
|faint|p1a: Staryu
|
|upkeep
|
|t:|1643563866
|switch|p1a: Drilbur|Drilbur, L5, F|9/100
|-ability|p1a: Drilbur|Mold Breaker
|turn|57
|
|t:|1643563875
|move|p1a: Drilbur|Earthquake|p2a: Frillish
|-damage|p2a: Frillish|32/100
|move|p2a: Frillish|Scald|p1a: Drilbur
|-supereffective|p1a: Drilbur
|-damage|p1a: Drilbur|0 fnt
|faint|p1a: Drilbur
|
|upkeep
|
|t:|1643563879
|switch|p1a: Abra|Abra, L5, M|32/100
|turn|58
|
|t:|1643563889
|move|p1a: Abra|Energy Ball|p2a: Frillish
|-supereffective|p2a: Frillish
|-damage|p2a: Frillish|0 fnt
|-start|p1a: Abra|Disable|Energy Ball|[from] ability: Cursed Body|[of] p2a: Frillish
|faint|p2a: Frillish
|
|upkeep
|
|t:|1643563891
|switch|p2a: Shelmet|Shelmet, L5, F|84/100
|-damage|p2a: Shelmet|59/100|[from] Stealth Rock
|turn|59
|
|t:|1643563898
|switch|p1a: Larvesta|Larvesta, L5, M|92/100 par
|move|p2a: Shelmet|Spikes|p1a: Larvesta
|-sidestart|p1: afdvsc|Spikes
|
|upkeep
|turn|60
|
|t:|1643563901
|move|p2a: Shelmet|Spikes|p1a: Larvesta
|-sidestart|p1: afdvsc|Spikes
|move|p1a: Larvesta|Flare Blitz|p2a: Shelmet
|-supereffective|p2a: Shelmet
|-damage|p2a: Shelmet|0 fnt
|faint|p2a: Shelmet
|-damage|p1a: Larvesta|70/100 par|[from] Recoil
|
|upkeep
|
|t:|1643563905
|switch|p2a: Riolu|Riolu, L5, M|100/100
|-damage|p2a: Riolu|96/100|[from] Stealth Rock
|turn|61
|
|t:|1643563911
|move|p1a: Larvesta|Morning Sun|p1a: Larvesta
|-heal|p1a: Larvesta|100/100 par
|move|p2a: Riolu|Roar|p1a: Larvesta
|drag|p1a: Abra|Abra, L5, M|32/100
|
|upkeep
|turn|62
|
|t:|1643563914
|move|p2a: Riolu|Copycat|p2a: Riolu
|move|p2a: Riolu|Roar|p1a: Abra|[from]move: Copycat
|drag|p1a: Larvesta|Larvesta, L5, M|100/100 par
|-damage|p1a: Larvesta|87/100 par|[from] Spikes
|
|upkeep
|turn|63
|
|t:|1643563921
|move|p2a: Riolu|Copycat|p2a: Riolu
|move|p2a: Riolu|Roar|p1a: Larvesta|[from]move: Copycat
|drag|p1a: Abra|Abra, L5, M|32/100
|
|upkeep
|turn|64
|
|t:|1643563926
|move|p2a: Riolu|Copycat|p2a: Riolu
|move|p2a: Riolu|Roar|p1a: Abra|[from]move: Copycat
|drag|p1a: Larvesta|Larvesta, L5, M|87/100 par
|-damage|p1a: Larvesta|74/100 par|[from] Spikes
|
|upkeep
|turn|65
|
|t:|1643563930
|move|p2a: Riolu|Copycat|p2a: Riolu
|move|p2a: Riolu|Roar|p1a: Larvesta|[from]move: Copycat
|drag|p1a: Abra|Abra, L5, M|32/100
|
|upkeep
|turn|66
|
|t:|1643563934
|move|p2a: Riolu|Copycat|p2a: Riolu
|move|p2a: Riolu|Roar|p1a: Abra|[from]move: Copycat
|drag|p1a: Larvesta|Larvesta, L5, M|74/100 par
|-damage|p1a: Larvesta|61/100 par|[from] Spikes
|
|upkeep
|turn|67
|
|t:|1643563939
|move|p2a: Riolu|Copycat|p2a: Riolu
|move|p2a: Riolu|Roar|p1a: Larvesta|[from]move: Copycat
|drag|p1a: Abra|Abra, L5, M|32/100
|
|upkeep
|turn|68
|
|t:|1643563943
|move|p2a: Riolu|Copycat|p2a: Riolu
|move|p2a: Riolu|Roar|p1a: Abra|[from]move: Copycat
|drag|p1a: Larvesta|Larvesta, L5, M|61/100 par
|-damage|p1a: Larvesta|48/100 par|[from] Spikes
|
|upkeep
|turn|69
|
|t:|1643563948
|move|p2a: Riolu|Copycat|p2a: Riolu
|move|p2a: Riolu|Roar|p1a: Larvesta|[from]move: Copycat
|drag|p1a: Abra|Abra, L5, M|32/100
|
|upkeep
|turn|70
|
|t:|1643563952
|move|p2a: Riolu|Copycat|p2a: Riolu
|move|p2a: Riolu|Roar|p1a: Abra|[from]move: Copycat
|drag|p1a: Larvesta|Larvesta, L5, M|48/100 par
|-damage|p1a: Larvesta|35/100 par|[from] Spikes
|
|upkeep
|turn|71
|
|t:|1643563956
|move|p2a: Riolu|Copycat|p2a: Riolu
|move|p2a: Riolu|Roar|p1a: Larvesta|[from]move: Copycat
|drag|p1a: Abra|Abra, L5, M|32/100
|
|upkeep
|turn|72
|
|t:|1643563961
|move|p2a: Riolu|Copycat|p2a: Riolu
|move|p2a: Riolu|Roar|p1a: Abra|[from]move: Copycat
|drag|p1a: Larvesta|Larvesta, L5, M|35/100 par
|-damage|p1a: Larvesta|22/100 par|[from] Spikes
|
|upkeep
|turn|73
|
|t:|1643563966
|move|p2a: Riolu|Copycat|p2a: Riolu
|move|p2a: Riolu|Roar|p1a: Larvesta|[from]move: Copycat
|drag|p1a: Abra|Abra, L5, M|32/100
|
|upkeep
|turn|74
|
|t:|1643563969
|move|p2a: Riolu|Copycat|p2a: Riolu
|move|p2a: Riolu|Roar|p1a: Abra|[from]move: Copycat
|drag|p1a: Larvesta|Larvesta, L5, M|22/100 par
|-damage|p1a: Larvesta|9/100 par|[from] Spikes
|
|upkeep
|turn|75
|
|t:|1643563974
|move|p2a: Riolu|Copycat|p2a: Riolu
|move|p2a: Riolu|Roar|p1a: Larvesta|[from]move: Copycat
|drag|p1a: Abra|Abra, L5, M|32/100
|
|upkeep
|turn|76
|
|t:|1643563978
|move|p2a: Riolu|Copycat|p2a: Riolu
|move|p2a: Riolu|Roar|p1a: Abra|[from]move: Copycat
|drag|p1a: Larvesta|Larvesta, L5, M|9/100 par
|-damage|p1a: Larvesta|0 fnt|[from] Spikes
|faint|p1a: Larvesta
|
|upkeep
|
|t:|1643563981
|switch|p1a: Abra|Abra, L5, M|32/100
|turn|77
|
|t:|1643563988
|move|p2a: Riolu|Protect|p2a: Riolu
|-singleturn|p2a: Riolu|Protect
|move|p1a: Abra|Psychic|p2a: Riolu
|-activate|p2a: Riolu|move: Protect
|
|upkeep
|turn|78
|c|☆Kodiak_45|the moment of truth
|
|t:|1643563999
|move|p2a: Riolu|Copycat|p2a: Riolu
|move|p2a: Riolu|Psychic|p1a: Abra|[from]move: Copycat
|-resisted|p1a: Abra
|-damage|p1a: Abra|16/100
|move|p1a: Abra|Psychic|p2a: Riolu
|-supereffective|p2a: Riolu
|-damage|p2a: Riolu|0 fnt
|faint|p2a: Riolu
|
|win|afdvsc
|c|☆afdvsc|lol
|c|☆afdvsc|gg
|c|☆Kodiak_45|gg
