|j|☆Bughouse
|j|☆robjr
|t:|1634597800
|gametype|singles
|player|p1|Bughouse|#bughouse|
|player|p2|robjr|lance|
|teamsize|p1|6
|teamsize|p2|6
|gen|5
|tier|[Gen 5] NU
|rule|Species Clause: Limit one of each Pokémon
|rule|OHKO Clause: OHKO moves are banned
|rule|Moody Clause: Moody is banned
|rule|Evasion Moves Clause: Evasion moves are banned
|rule|Endless Battle Clause: Forcing endless battles is banned
|rule|HP Percentage Mod: HP is shown in percentages
|rule|Evasion Abilities Clause: Evasion abilities are banned
|rule|Baton Pass Clause: Limit one Baton Passer, can't pass Spe and other stats simultaneously
|rule|Swagger Clause: Swagger is banned
|rule|Sleep Clause Mod: Limit one foe put to sleep
|clearpoke
|poke|p1|Eelektross, M|item
|poke|p1|Sawsbuck, F|item
|poke|p1|Seismitoad, F|item
|poke|p1|Mandibuzz, F|item
|poke|p1|Garbodor, F|item
|poke|p1|Gardevoir, F|item
|poke|p2|Rotom-Fan|item
|poke|p2|Gardevoir, M|item
|poke|p2|Golurk|item
|poke|p2|Alomomola, M|item
|poke|p2|Garbodor, M|item
|poke|p2|Kangaskhan, F|item
|teampreview
|c|☆robjr|hf
|
|t:|1634597868
|start
|switch|p1a: REWEL|Seismitoad, F|100/100
|switch|p2a: Gardevoir|Gardevoir, M|100/100
|-ability|p2a: Gardevoir|Water Absorb|[from] ability: Trace|[of] p1a: REWEL
|turn|1
|inactive|Battle timer is ON: inactive players will automatically lose when time's up. (requested by robjr)
|inactive|Bughouse has 270 seconds left.
|
|t:|1634597925
|switch|p1a: TIME BOMB|Eelektross, M|100/100
|move|p2a: Gardevoir|Taunt|p1a: TIME BOMB
|-start|p1a: TIME BOMB|move: Taunt
|
|upkeep
|turn|2
|
|t:|1634597935
|move|p2a: Gardevoir|Will-O-Wisp|p1a: TIME BOMB|[miss]
|-miss|p2a: Gardevoir|p1a: TIME BOMB
|move|p1a: TIME BOMB|U-turn|p2a: Gardevoir
|-supereffective|p2a: Gardevoir
|-crit|p2a: Gardevoir
|-damage|p2a: Gardevoir|20/100
|c|☆Bughouse|sorry
|inactive|Bughouse has 270 seconds left.
|
|t:|1634597977
|switch|p1a: DANCE TO IT|Mandibuzz, F|100/100|[from]move: U-turn
|
|-heal|p2a: Gardevoir|26/100|[from] item: Leftovers
|upkeep
|turn|3
|
|t:|1634597983
|move|p1a: DANCE TO IT|Foul Play|p2a: Gardevoir
|-supereffective|p2a: Gardevoir
|-damage|p2a: Gardevoir|0 fnt
|faint|p2a: Gardevoir
|
|upkeep
|
|t:|1634597997
|switch|p2a: Rotom|Rotom-Fan|100/100
|turn|4
|inactive|Bughouse has 270 seconds left.
|
|t:|1634598021
|switch|p1a: REWEL|Seismitoad, F|100/100
|move|p2a: Rotom|Will-O-Wisp|p1a: REWEL
|-status|p1a: REWEL|brn
|
|-damage|p1a: REWEL|88/100 brn|[from] brn
|upkeep
|turn|5
|inactive|Bughouse has 270 seconds left.
|
|t:|1634598045
|switch|p1a: TO THE LIMIT|Sawsbuck, F|100/100
|move|p2a: Rotom|Hidden Power|p1a: TO THE LIMIT
|-ability|p1a: TO THE LIMIT|Sap Sipper|boost
|-boost|p1a: TO THE LIMIT|atk|1
|
|upkeep
|turn|6
|inactive|Bughouse has 270 seconds left.
|
|t:|1634598059
|switch|p2a: Garbodor|Garbodor, M|100/100
|move|p1a: TO THE LIMIT|Frustration|p2a: Garbodor
|-enditem|p1a: TO THE LIMIT|Normal Gem|[from] gem
|-damage|p2a: Garbodor|17/100
|-damage|p1a: TO THE LIMIT|84/100|[from] item: Rocky Helmet|[of] p2a: Garbodor
|
|upkeep
|turn|7
|inactive|Bughouse has 270 seconds left.
|
|t:|1634598076
|move|p1a: TO THE LIMIT|Nature Power|p1a: TO THE LIMIT
|move|p1a: TO THE LIMIT|Earthquake|p2a: Garbodor|[from]move: Nature Power
|-supereffective|p2a: Garbodor
|-damage|p2a: Garbodor|0 fnt
|faint|p2a: Garbodor
|
|upkeep
|
|t:|1634598083
|switch|p2a: Kangaskhan|Kangaskhan, F|100/100
|turn|8
|inactive|Bughouse has 270 seconds left.
|
|t:|1634598102
|switch|p1a: I REMEMBER|Garbodor, F|100/100
|move|p2a: Kangaskhan|Earthquake|p1a: I REMEMBER
|-supereffective|p1a: I REMEMBER
|-damage|p1a: I REMEMBER|50/100
|
|upkeep
|turn|9
|inactive|Bughouse has 270 seconds left.
|
|t:|1634598126
|switch|p2a: Rotom|Rotom-Fan|100/100
|move|p1a: I REMEMBER|Toxic|p2a: Rotom
|-status|p2a: Rotom|tox
|
|-damage|p2a: Rotom|94/100 tox|[from] psn
|upkeep
|turn|10
|
|t:|1634598141
|move|p2a: Rotom|Volt Switch|p1a: I REMEMBER
|-damage|p1a: I REMEMBER|16/100
|
|t:|1634598143
|switch|p2a: Golurk|Golurk|100/100|[from]move: Volt Switch
|move|p1a: I REMEMBER|Spikes|p2a: Golurk
|-sidestart|p2: robjr|Spikes
|
|upkeep
|turn|11
|inactive|Bughouse has 270 seconds left.
|
|t:|1634598175
|switch|p1a: TO THE LIMIT|Sawsbuck, F|84/100
|move|p2a: Golurk|Stealth Rock|p1a: TO THE LIMIT
|-sidestart|p1: Bughouse|move: Stealth Rock
|
|upkeep
|turn|12
|
|t:|1634598184
|switch|p2a: Rotom|Rotom-Fan|94/100 tox
|move|p1a: TO THE LIMIT|Swords Dance|p1a: TO THE LIMIT
|-boost|p1a: TO THE LIMIT|atk|2
|
|-damage|p2a: Rotom|88/100 tox|[from] psn
|upkeep
|turn|13
|
|t:|1634598188
|move|p1a: TO THE LIMIT|Frustration|p2a: Rotom
|-damage|p2a: Rotom|0 fnt
|faint|p2a: Rotom
|
|upkeep
|-message|robjr forfeited.
|
|win|Bughouse
|c|☆Bughouse|unfortunate. ggs.
|l|☆robjr
