|j|☆Blaazen
|j|☆Raymario Pokenic
|t:|1643062704
|gametype|singles
|player|p1|Blaazen|alder|1032
|player|p2|Raymario Pokenic|rosa|1050
|teamsize|p1|6
|teamsize|p2|6
|gen|5
|tier|[Gen 5] NU
|rated|
|rule|Species Clause: Limit one of each Pokémon
|rule|OHKO Clause: OHKO moves are banned
|rule|Moody Clause: Moody is banned
|rule|Evasion Moves Clause: Evasion moves are banned
|rule|Endless Battle Clause: Forcing endless battles is banned
|rule|HP Percentage Mod: HP is shown in percentages
|rule|Evasion Abilities Clause: Evasion abilities are banned
|rule|Swagger Clause: Swagger is banned
|rule|Baton Pass Clause: Limit one Baton Passer, can't pass Spe and other stats simultaneously
|rule|Sleep Clause Mod: Limit one foe put to sleep
|clearpoke
|poke|p1|Seismitoad, M|item
|poke|p1|Mandibuzz, F|item
|poke|p1|Gardevoir, M|item
|poke|p1|Zangoose, F|item
|poke|p1|Eelektross, F|item
|poke|p1|Mawile, M|item
|poke|p2|Serperior, M|item
|poke|p2|Eelektross, M|item
|poke|p2|Rampardos, F|item
|poke|p2|Altaria, F|item
|poke|p2|Gorebyss, M|item
|poke|p2|Cacturne, M|item
|teampreview
|inactive|Battle timer is ON: inactive players will automatically lose when time's up. (requested by Raymario Pokenic)
|j| blackkaiser
|j| ibbysonlyfan
|l| ibbysonlyfan
|inactive|Blaazen has 120 seconds left.
|l| blackkaiser
|
|t:|1643062744
|start
|switch|p1a: Mandibuzz|Mandibuzz, F|100/100
|switch|p2a: Cacturne|Cacturne, M, shiny|100/100
|turn|1
|j| ibbysonlyfan
|
|t:|1643062771
|move|p2a: Cacturne|Spikes|p1a: Mandibuzz
|-sidestart|p1: Blaazen|Spikes
|move|p1a: Mandibuzz|Toxic|p2a: Cacturne
|-status|p2a: Cacturne|tox
|
|-damage|p2a: Cacturne|94/100 tox|[from] psn
|upkeep
|turn|2
|
|t:|1643062799
|move|p2a: Cacturne|Spikes|p1a: Mandibuzz
|-sidestart|p1: Blaazen|Spikes
|move|p1a: Mandibuzz|Foul Play|p2a: Cacturne
|-resisted|p2a: Cacturne
|-damage|p2a: Cacturne|54/100 tox
|
|-damage|p2a: Cacturne|42/100 tox|[from] psn
|upkeep
|turn|3
|
|t:|1643062816
|move|p2a: Cacturne|Destiny Bond|p2a: Cacturne
|-singlemove|p2a: Cacturne|Destiny Bond
|move|p1a: Mandibuzz|Foul Play|p2a: Cacturne
|-resisted|p2a: Cacturne
|-damage|p2a: Cacturne|0 fnt
|faint|p2a: Cacturne
|-activate|p2a: Cacturne|move: Destiny Bond
|faint|p1a: Mandibuzz
|
|upkeep
|
|t:|1643062831
|switch|p2a: Rampardos|Rampardos, F, shiny|100/100
|switch|p1a: Eelektross|Eelektross, F|100/100
|turn|4
|inactive|Blaazen has 120 seconds left.
|
|t:|1643062855
|move|p2a: Rampardos|Rock Polish|p2a: Rampardos
|-boost|p2a: Rampardos|spe|2
|move|p1a: Eelektross|Superpower|p2a: Rampardos
|-supereffective|p2a: Rampardos
|-enditem|p2a: Rampardos|Focus Sash
|-damage|p2a: Rampardos|1/100
|-unboost|p1a: Eelektross|atk|1
|-unboost|p1a: Eelektross|def|1
|
|upkeep
|turn|5
|
|t:|1643062864
|move|p2a: Rampardos|Rock Slide|p1a: Eelektross
|-damage|p1a: Eelektross|0 fnt
|faint|p1a: Eelektross
|
|upkeep
|
|t:|1643062869
|switch|p1a: Mawile|Mawile, M|100/100
|-damage|p1a: Mawile|84/100|[from] Spikes
|turn|6
|
|t:|1643062872
|move|p1a: Mawile|Sucker Punch|p2a: Rampardos
|-damage|p2a: Rampardos|0 fnt
|faint|p2a: Rampardos
|-damage|p1a: Mawile|74/100|[from] item: Life Orb
|
|upkeep
|
|t:|1643062881
|switch|p2a: Gorebyss|Gorebyss, M, shiny|100/100
|turn|7
|
|t:|1643062890
|move|p2a: Gorebyss|Shell Smash|p2a: Gorebyss
|-unboost|p2a: Gorebyss|def|1
|-unboost|p2a: Gorebyss|spd|1
|-boost|p2a: Gorebyss|atk|2
|-boost|p2a: Gorebyss|spa|2
|-boost|p2a: Gorebyss|spe|2
|move|p1a: Mawile|Thunder Punch|p2a: Gorebyss
|-supereffective|p2a: Gorebyss
|-damage|p2a: Gorebyss|0 fnt
|faint|p2a: Gorebyss
|
|upkeep
|
|t:|1643062899
|switch|p2a: Eelektross|Eelektross, M, shiny|100/100
|turn|8
|
|t:|1643062915
|move|p1a: Mawile|Swords Dance|p1a: Mawile
|-boost|p1a: Mawile|atk|2
|move|p2a: Eelektross|Drain Punch|p1a: Mawile
|-supereffective|p1a: Mawile
|-damage|p1a: Mawile|0 fnt
|faint|p1a: Mawile
|
|upkeep
|
|t:|1643062922
|switch|p1a: Seismitoad|Seismitoad, M|100/100
|-damage|p1a: Seismitoad|84/100|[from] Spikes
|turn|9
|
|t:|1643062931
|move|p1a: Seismitoad|Scald|p2a: Eelektross
|-crit|p2a: Eelektross
|-damage|p2a: Eelektross|45/100
|move|p2a: Eelektross|U-turn|p1a: Seismitoad
|-damage|p1a: Seismitoad|66/100
|
|t:|1643062936
|switch|p2a: Serperior|Serperior, M, shiny|100/100|[from]move: U-turn
|
|-heal|p1a: Seismitoad|72/100|[from] item: Leftovers
|upkeep
|turn|10
|
|t:|1643062949
|move|p1a: Seismitoad|Protect|p1a: Seismitoad
|-singleturn|p1a: Seismitoad|Protect
|move|p2a: Serperior|Substitute|p2a: Serperior
|-start|p2a: Serperior|Substitute
|-damage|p2a: Serperior|76/100
|
|-heal|p2a: Serperior|82/100|[from] item: Leftovers
|-heal|p1a: Seismitoad|78/100|[from] item: Leftovers
|upkeep
|turn|11
|
|t:|1643062963
|move|p2a: Serperior|Giga Drain|p1a: Seismitoad
|-supereffective|p1a: Seismitoad
|-damage|p1a: Seismitoad|0 fnt
|-heal|p2a: Serperior|100/100|[from] drain|[of] p1a: Seismitoad
|faint|p1a: Seismitoad
|
|upkeep
|
|t:|1643062966
|switch|p1a: Gardevoir|Gardevoir, M|100/100
|-damage|p1a: Gardevoir|84/100|[from] Spikes
|-ability|p1a: Gardevoir|Overgrow|[from] ability: Trace|[of] p2a: Serperior
|turn|12
|
|t:|1643062982
|move|p2a: Serperior|Glare|p1a: Gardevoir
|-status|p1a: Gardevoir|par
|move|p1a: Gardevoir|Signal Beam|p2a: Serperior
|-supereffective|p2a: Serperior
|-end|p2a: Serperior|Substitute
|-damage|p1a: Gardevoir|74/100 par|[from] item: Life Orb
|
|upkeep
|turn|13
|
|t:|1643062995
|move|p2a: Serperior|Substitute|p2a: Serperior
|-start|p2a: Serperior|Substitute
|-damage|p2a: Serperior|76/100
|cant|p1a: Gardevoir|par
|
|-heal|p2a: Serperior|82/100|[from] item: Leftovers
|upkeep
|turn|14
|
|t:|1643063000
|move|p2a: Serperior|Leech Seed|p1a: Gardevoir
|-start|p1a: Gardevoir|move: Leech Seed
|move|p1a: Gardevoir|Signal Beam|p2a: Serperior
|-supereffective|p2a: Serperior
|-end|p2a: Serperior|Substitute
|-damage|p1a: Gardevoir|64/100 par|[from] item: Life Orb
|
|-heal|p2a: Serperior|88/100|[from] item: Leftovers
|-damage|p1a: Gardevoir|52/100 par|[from] Leech Seed|[of] p2a: Serperior
|-heal|p2a: Serperior|98/100|[silent]
|upkeep
|turn|15
|
|t:|1643063010
|move|p2a: Serperior|Substitute|p2a: Serperior
|-start|p2a: Serperior|Substitute
|-damage|p2a: Serperior|73/100
|cant|p1a: Gardevoir|par
|
|-heal|p2a: Serperior|79/100|[from] item: Leftovers
|-damage|p1a: Gardevoir|40/100 par|[from] Leech Seed|[of] p2a: Serperior
|-heal|p2a: Serperior|89/100|[silent]
|upkeep
|turn|16
|
|t:|1643063017
|move|p2a: Serperior|Giga Drain|p1a: Gardevoir
|-crit|p1a: Gardevoir
|-damage|p1a: Gardevoir|0 fnt
|-heal|p2a: Serperior|100/100|[from] drain|[of] p1a: Gardevoir
|faint|p1a: Gardevoir
|
|upkeep
|
|t:|1643063019
|switch|p1a: Zangoose|Zangoose, F|100/100
|-damage|p1a: Zangoose|84/100|[from] Spikes
|turn|17
|-message|Blaazen forfeited.
|
|win|Raymario Pokenic
|raw|Blaazen's rating: 1032 &rarr; <strong>1018</strong><br />(-14 for losing)
|raw|Raymario Pokenic's rating: 1050 &rarr; <strong>1081</strong><br />(+31 for winning)
|l|☆Blaazen
