|j|☆iss
|j|☆F i l l e
|t:|1642898041
|gametype|singles
|player|p1|iss|ethan|
|player|p2|F i l l e|#scl1breakers|
|teamsize|p1|6
|teamsize|p2|6
|gen|5
|tier|[Gen 5] LC
|rule|Species Clause: Limit one of each Pokémon
|rule|OHKO Clause: OHKO moves are banned
|rule|Moody Clause: Moody is banned
|rule|Evasion Moves Clause: Evasion moves are banned
|rule|Endless Battle Clause: Forcing endless battles is banned
|rule|HP Percentage Mod: HP is shown in percentages
|rule|Sleep Clause: Sleep-inducing moves are banned
|clearpoke
|poke|p1|Mienfoo, L5, M|item
|poke|p1|Archen, L5, F|item
|poke|p1|Diglett, L5, M|item
|poke|p1|Gastly, L5, M|item
|poke|p1|Staryu, L5|item
|poke|p1|Porygon, L5|item
|poke|p2|Drifloon, L5, F|item
|poke|p2|Magnemite, L5|item
|poke|p2|Porygon, L5|item
|poke|p2|Gastly, L5, M|item
|poke|p2|Diglett, L5, F|item
|poke|p2|Abra, L5, F|item
|teampreview
|j| Kodiak_45
|c|☆F i l l e|hf!
|c|☆iss|gl!
|
|t:|1642898106
|start
|switch|p1a: Staryu|Staryu, L5|100/100
|switch|p2a: Drifloon|Drifloon, L5, F|100/100
|turn|1
|j|+Kipkluif
|
|t:|1642898173
|switch|p1a: Archen|Archen, L5, F|100/100
|move|p2a: Drifloon|Acrobatics|p1a: Archen
|-enditem|p2a: Drifloon|Flying Gem|[from] gem
|-resisted|p1a: Archen
|-damage|p1a: Archen|41/100
|
|upkeep
|turn|2
|
|t:|1642898234
|switch|p1a: Porygon|Porygon, L5|100/100
|-ability|p1a: Porygon|Unburden|[from] ability: Trace|[of] p2a: Drifloon
|move|p2a: Drifloon|Acrobatics|p1a: Porygon
|-damage|p1a: Porygon|60/100
|
|upkeep
|turn|3
|
|t:|1642898243
|move|p2a: Drifloon|Will-O-Wisp|p1a: Porygon
|-status|p1a: Porygon|brn
|move|p1a: Porygon|Thunder Wave|p2a: Drifloon
|-status|p2a: Drifloon|par
|
|-damage|p1a: Porygon|48/100 brn|[from] brn
|upkeep
|turn|4
|
|t:|1642898250
|move|p1a: Porygon|Recover|p1a: Porygon
|-heal|p1a: Porygon|100/100 brn
|move|p2a: Drifloon|Explosion|p1a: Porygon
|-damage|p1a: Porygon|48/100 brn
|faint|p2a: Drifloon
|
|-damage|p1a: Porygon|36/100 brn|[from] brn
|upkeep
|
|t:|1642898259
|switch|p2a: Diglett|Diglett, L5, F|100/100
|turn|5
|j| daunt vs
|
|t:|1642898273
|move|p2a: Diglett|Earthquake|p1a: Porygon
|-damage|p1a: Porygon|0 fnt
|faint|p1a: Porygon
|-damage|p2a: Diglett|95/100|[from] item: Life Orb
|
|upkeep
|
|t:|1642898306
|switch|p1a: Diglett|Diglett, L5, M|100/100
|turn|6
|
|t:|1642898311
|move|p2a: Diglett|Earthquake|p1a: Diglett
|-damage|p1a: Diglett|0 fnt
|faint|p1a: Diglett
|-damage|p2a: Diglett|89/100|[from] item: Life Orb
|
|upkeep
|
|t:|1642898315
|switch|p1a: Mienfoo|Mienfoo, L5, M|100/100
|turn|7
|
|t:|1642898341
|move|p2a: Diglett|Earthquake|p1a: Mienfoo
|-damage|p1a: Mienfoo|46/100
|-damage|p2a: Diglett|84/100|[from] item: Life Orb
|move|p1a: Mienfoo|U-turn|p2a: Diglett
|-damage|p2a: Diglett|28/100
|l| daunt vs
|
|t:|1642898365
|switch|p1a: Archen|Archen, L5, F|41/100|[from]move: U-turn
|
|upkeep
|turn|8
|
|t:|1642898370
|switch|p2a: Magnemite|Magnemite, L5|100/100
|move|p1a: Archen|Quick Attack|p2a: Magnemite
|-resisted|p2a: Magnemite
|-damage|p2a: Magnemite|95/100
|
|upkeep
|turn|9
|
|t:|1642898373
|move|p1a: Archen|Protect|p1a: Archen
|-singleturn|p1a: Archen|Protect
|move|p2a: Magnemite|Volt Switch|p1a: Archen
|-activate|p1a: Archen|move: Protect
|
|upkeep
|turn|10
|
|t:|1642898384
|switch|p1a: Mienfoo|Mienfoo, L5, M|78/100
|move|p2a: Magnemite|Volt Switch|p1a: Mienfoo
|-damage|p1a: Mienfoo|37/100
|
|t:|1642898400
|switch|p2a: Gastly|Gastly, L5, M|100/100|[from]move: Volt Switch
|
|upkeep
|turn|11
|
|t:|1642898404
|switch|p1a: Staryu|Staryu, L5|100/100
|move|p2a: Gastly|Shadow Ball|p1a: Staryu
|-damage|p1a: Staryu|39/100
|-damage|p2a: Gastly|95/100|[from] item: Life Orb
|
|upkeep
|turn|12
|
|t:|1642898412
|switch|p2a: Diglett|Diglett, L5, F|28/100
|move|p1a: Staryu|Recover|p1a: Staryu
|-heal|p1a: Staryu|91/100
|
|upkeep
|turn|13
|
|t:|1642898416
|move|p2a: Diglett|Earthquake|p1a: Staryu
|-damage|p1a: Staryu|34/100
|-damage|p2a: Diglett|23/100|[from] item: Life Orb
|move|p1a: Staryu|Recover|p1a: Staryu
|-heal|p1a: Staryu|86/100
|
|upkeep
|turn|14
|j| daunt vs
|
|t:|1642898438
|switch|p2a: Magnemite|Magnemite, L5|95/100
|move|p1a: Staryu|Recover|p1a: Staryu
|-heal|p1a: Staryu|100/100
|
|upkeep
|turn|15
|
|t:|1642898446
|switch|p1a: Mienfoo|Mienfoo, L5, M|69/100
|move|p2a: Magnemite|Volt Switch|p1a: Mienfoo
|-damage|p1a: Mienfoo|23/100
|
|t:|1642898452
|switch|p2a: Gastly|Gastly, L5, M|95/100|[from]move: Volt Switch
|
|upkeep
|turn|16
|
|t:|1642898471
|switch|p1a: Staryu|Staryu, L5|100/100
|move|p2a: Gastly|Thunderbolt|p1a: Staryu
|-supereffective|p1a: Staryu
|-damage|p1a: Staryu|0 fnt
|faint|p1a: Staryu
|-damage|p2a: Gastly|90/100|[from] item: Life Orb
|
|upkeep
|
|t:|1642898476
|switch|p1a: Gastly|Gastly, L5, M|100/100
|turn|17
|
|t:|1642898483
|switch|p2a: Diglett|Diglett, L5, F|23/100
|move|p1a: Gastly|Sludge Bomb|p2a: Diglett
|-resisted|p2a: Diglett
|-damage|p2a: Diglett|0 fnt
|faint|p2a: Diglett
|-damage|p1a: Gastly|95/100|[from] item: Life Orb
|
|upkeep
|
|t:|1642898486
|switch|p2a: Abra|Abra, L5, F|100/100
|turn|18
|
|t:|1642898492
|move|p1a: Gastly|Sucker Punch|p2a: Abra
|-supereffective|p2a: Abra
|-damage|p2a: Abra|0 fnt
|faint|p2a: Abra
|-damage|p1a: Gastly|90/100|[from] item: Life Orb
|
|upkeep
|
|t:|1642898497
|switch|p2a: Magnemite|Magnemite, L5|95/100
|turn|19
|l| daunt vs
|c|☆F i l l e|didn't have to sac abra as well
|c|☆F i l l e|mistook my ranges
|j| daunt vs
|
|t:|1642898573
|switch|p1a: Archen|Archen, L5, F|41/100
|move|p2a: Magnemite|Thunderbolt|p1a: Archen
|-supereffective|p1a: Archen
|-damage|p1a: Archen|0 fnt
|faint|p1a: Archen
|
|upkeep
|
|t:|1642898575
|switch|p1a: Mienfoo|Mienfoo, L5, M|55/100
|turn|20
|
|t:|1642898586
|move|p2a: Magnemite|Thunderbolt|p1a: Mienfoo
|-damage|p1a: Mienfoo|10/100
|move|p1a: Mienfoo|U-turn|p2a: Magnemite
|-resisted|p2a: Magnemite
|-damage|p2a: Magnemite|79/100
|l| daunt vs
|
|t:|1642898592
|switch|p1a: Gastly|Gastly, L5, M|90/100|[from]move: U-turn
|
|upkeep
|turn|21
|
|t:|1642898597
|move|p2a: Magnemite|Thunderbolt|p1a: Gastly
|-damage|p1a: Gastly|0 fnt
|faint|p1a: Gastly
|
|upkeep
|
|t:|1642898599
|switch|p1a: Mienfoo|Mienfoo, L5, M|41/100
|turn|22
|j| daunt vs
|
|t:|1642898602
|move|p2a: Magnemite|Thunderbolt|p1a: Mienfoo
|-damage|p1a: Mienfoo|0 fnt
|faint|p1a: Mienfoo
|
|win|F i l l e
|c|☆iss|ggs
|c|☆F i l l e|gg
