|j|☆Togkey
|j|☆wild drud
|t:|1633768104
|gametype|singles
|player|p1|Togkey|170|
|player|p2|wild drud|richboy-gen4|
|teamsize|p1|6
|teamsize|p2|6
|gen|5
|tier|[Gen 5] NU
|rule|Species Clause: Limit one of each Pokémon
|rule|OHKO Clause: OHKO moves are banned
|rule|Moody Clause: Moody is banned
|rule|Evasion Moves Clause: Evasion moves are banned
|rule|Endless Battle Clause: Forcing endless battles is banned
|rule|HP Percentage Mod: HP is shown in percentages
|rule|Evasion Abilities Clause: Evasion abilities are banned
|rule|Baton Pass Clause: Limit one Baton Passer, can't pass Spe and other stats simultaneously
|rule|Swagger Clause: Swagger is banned
|rule|Sleep Clause Mod: Limit one foe put to sleep
|clearpoke
|poke|p1|Charizard, M|item
|poke|p1|Piloswine, M|item
|poke|p1|Serperior, M|item
|poke|p1|Gothorita, M|item
|poke|p1|Alomomola, M|item
|poke|p1|Garbodor, M|item
|poke|p2|Rotom-Fan|item
|poke|p2|Gurdurr, M|item
|poke|p2|Golurk|item
|poke|p2|Garbodor, M|item
|poke|p2|Skuntank, M|item
|poke|p2|Gardevoir, M|item
|teampreview
|c|☆Togkey|hf
|c|☆wild drud|u2
|
|t:|1633768118
|start
|switch|p1a: Gothorita|Gothorita, M|100/100
|switch|p2a: Golurk|Golurk|100/100
|turn|1
|
|t:|1633768122
|move|p1a: Gothorita|Grass Knot|p2a: Golurk
|-supereffective|p2a: Golurk
|-damage|p2a: Golurk|40/100
|move|p2a: Golurk|Stealth Rock|p1a: Gothorita
|-sidestart|p1: Togkey|move: Stealth Rock
|
|upkeep
|turn|2
|
|t:|1633768125
|move|p1a: Gothorita|Grass Knot|p2a: Golurk
|-supereffective|p2a: Golurk
|-damage|p2a: Golurk|0 fnt
|faint|p2a: Golurk
|
|upkeep
|
|t:|1633768126
|switch|p2a: Skuntank|Skuntank, M|100/100
|turn|3
|
|t:|1633768129
|-activate|p1a: Gothorita|move: Pursuit
|move|p2a: Skuntank|Pursuit|p1a: Gothorita|[from]Pursuit
|-supereffective|p1a: Gothorita
|-damage|p1a: Gothorita|0 fnt
|faint|p1a: Gothorita
|-hint|A Pokemon can't switch between when it runs out of HP and when it faints
|
|upkeep
|
|t:|1633768132
|switch|p1a: Garbodor|Garbodor, M|100/100
|-damage|p1a: Garbodor|88/100|[from] Stealth Rock
|turn|4
|
|t:|1633768134
|move|p1a: Garbodor|Explosion|p2a: Skuntank
|-damage|p2a: Skuntank|18/100
|faint|p1a: Garbodor
|move|p2a: Skuntank|Taunt|p1: Garbodor|[notarget]
|-fail|p2a: Skuntank
|
|upkeep
|
|t:|1633768138
|switch|p1a: Piloswine|Piloswine, M|100/100
|-damage|p1a: Piloswine|88/100|[from] Stealth Rock
|turn|5
|
|t:|1633768141
|switch|p2a: Gurdurr|Gurdurr, M|100/100
|move|p1a: Piloswine|Stealth Rock|p2a: Gurdurr
|-sidestart|p2: wild drud|move: Stealth Rock
|
|upkeep
|turn|6
|
|t:|1633768146
|switch|p1a: Charizard|Charizard, M|100/100
|-damage|p1a: Charizard|51/100|[from] Stealth Rock
|move|p2a: Gurdurr|Drain Punch|p1a: Charizard
|-resisted|p1a: Charizard
|-damage|p1a: Charizard|25/100
|
|upkeep
|turn|7
|
|t:|1633768153
|switch|p2a: Skuntank|Skuntank, M|18/100
|-damage|p2a: Skuntank|6/100|[from] Stealth Rock
|move|p1a: Charizard|Roost|p1a: Charizard
|-heal|p1a: Charizard|75/100
|-singleturn|p1a: Charizard|move: Roost
|
|upkeep
|turn|8
|
|t:|1633768155
|move|p2a: Skuntank|Sucker Punch|p1a: Charizard
|-damage|p1a: Charizard|26/100
|move|p1a: Charizard|Earthquake|p2a: Skuntank
|-supereffective|p2a: Skuntank
|-enditem|p2a: Skuntank|Shuca Berry|[eat]
|-enditem|p2a: Skuntank|Shuca Berry|[weaken]
|-damage|p2a: Skuntank|0 fnt
|faint|p2a: Skuntank
|
|upkeep
|
|t:|1633768159
|switch|p2a: Gardevoir|Gardevoir, M|100/100
|-damage|p2a: Gardevoir|88/100|[from] Stealth Rock
|-ability|p2a: Gardevoir|Blaze|[from] ability: Trace|[of] p1a: Charizard
|turn|9
|
|t:|1633768163
|move|p1a: Charizard|Roost|p1a: Charizard
|-heal|p1a: Charizard|77/100
|-singleturn|p1a: Charizard|move: Roost
|move|p2a: Gardevoir|Psychic|p1a: Charizard
|-damage|p1a: Charizard|25/100
|
|-heal|p2a: Gardevoir|94/100|[from] item: Leftovers
|upkeep
|turn|10
|
|t:|1633768166
|move|p1a: Charizard|Acrobatics|p2a: Gardevoir
|-enditem|p1a: Charizard|Flying Gem|[from] gem
|-damage|p2a: Gardevoir|21/100
|move|p2a: Gardevoir|Psychic|p1a: Charizard
|-damage|p1a: Charizard|0 fnt
|faint|p1a: Charizard
|
|-heal|p2a: Gardevoir|27/100|[from] item: Leftovers
|upkeep
|
|t:|1633768171
|switch|p1a: Serperior|Serperior, M|100/100
|-damage|p1a: Serperior|88/100|[from] Stealth Rock
|turn|11
|
|t:|1633768173
|move|p1a: Serperior|Calm Mind|p1a: Serperior
|-boost|p1a: Serperior|spa|1
|-boost|p1a: Serperior|spd|1
|move|p2a: Gardevoir|Signal Beam|p1a: Serperior
|-supereffective|p1a: Serperior
|-damage|p1a: Serperior|53/100
|
|-heal|p2a: Gardevoir|33/100|[from] item: Leftovers
|upkeep
|turn|12
|
|t:|1633768181
|move|p1a: Serperior|Giga Drain|p2a: Gardevoir
|-damage|p2a: Gardevoir|0 fnt
|-heal|p1a: Serperior|72/100|[from] drain|[of] p2a: Gardevoir
|faint|p2a: Gardevoir
|-damage|p1a: Serperior|62/100|[from] item: Life Orb
|
|upkeep
|
|t:|1633768183
|switch|p2a: Garbodor|Garbodor, M|100/100
|-damage|p2a: Garbodor|88/100|[from] Stealth Rock
|turn|13
|
|t:|1633768185
|switch|p1a: Piloswine|Piloswine, M|88/100
|-damage|p1a: Piloswine|76/100|[from] Stealth Rock
|move|p2a: Garbodor|Clear Smog|p1a: Piloswine
|-resisted|p1a: Piloswine
|-damage|p1a: Piloswine|72/100
|-clearboost|p1a: Piloswine
|
|upkeep
|turn|14
|
|t:|1633768187
|switch|p2a: Gurdurr|Gurdurr, M|100/100
|-damage|p2a: Gurdurr|94/100|[from] Stealth Rock
|move|p1a: Piloswine|Earthquake|p2a: Gurdurr
|-damage|p2a: Gurdurr|71/100
|
|upkeep
|turn|15
|
|t:|1633768189
|switch|p1a: Alomomola|Alomomola, M|100/100
|-damage|p1a: Alomomola|88/100|[from] Stealth Rock
|move|p2a: Gurdurr|Drain Punch|p1a: Alomomola
|-damage|p1a: Alomomola|63/100
|-heal|p2a: Gurdurr|87/100|[from] drain|[of] p1a: Alomomola
|
|-heal|p1a: Alomomola|70/100|[from] item: Leftovers
|upkeep
|turn|16
|
|t:|1633768192
|switch|p2a: Rotom|Rotom-Fan|100/100
|-damage|p2a: Rotom|76/100|[from] Stealth Rock
|move|p1a: Alomomola|Wish|p1a: Alomomola
|
|-heal|p1a: Alomomola|76/100|[from] item: Leftovers
|upkeep
|turn|17
|
|t:|1633768200
|move|p2a: Rotom|Volt Switch|p1a: Alomomola
|-supereffective|p1a: Alomomola
|-damage|p1a: Alomomola|27/100
|
|t:|1633768203
|switch|p2a: Garbodor|Garbodor, M|88/100|[from]move: Volt Switch
|-damage|p2a: Garbodor|76/100|[from] Stealth Rock
|move|p1a: Alomomola|Waterfall|p2a: Garbodor
|-damage|p2a: Garbodor|58/100
|-damage|p1a: Alomomola|10/100|[from] item: Rocky Helmet|[of] p2a: Garbodor
|
|-heal|p1a: Alomomola|60/100|[from] move: Wish|[wisher] Alomomola
|-heal|p1a: Alomomola|66/100|[from] item: Leftovers
|upkeep
|turn|18
|
|t:|1633768205
|switch|p1a: Piloswine|Piloswine, M|72/100
|-damage|p1a: Piloswine|59/100|[from] Stealth Rock
|move|p2a: Garbodor|Toxic|p1a: Piloswine
|-status|p1a: Piloswine|tox
|
|-damage|p1a: Piloswine|53/100 tox|[from] psn
|upkeep
|turn|19
|
|t:|1633768209
|switch|p2a: Gurdurr|Gurdurr, M|87/100
|-damage|p2a: Gurdurr|81/100|[from] Stealth Rock
|move|p1a: Piloswine|Toxic|p2a: Gurdurr
|-status|p2a: Gurdurr|tox
|
|-damage|p1a: Piloswine|41/100 tox|[from] psn
|-damage|p2a: Gurdurr|75/100 tox|[from] psn
|upkeep
|turn|20
|
|t:|1633768217
|switch|p1a: Alomomola|Alomomola, M|99/100
|-damage|p1a: Alomomola|87/100|[from] Stealth Rock
|switch|p2a: Garbodor|Garbodor, M|58/100
|-damage|p2a: Garbodor|45/100|[from] Stealth Rock
|
|-heal|p1a: Alomomola|93/100|[from] item: Leftovers
|upkeep
|turn|21
|
|t:|1633768222
|move|p2a: Garbodor|Spikes|p1a: Alomomola
|-sidestart|p1: Togkey|Spikes
|move|p1a: Alomomola|Wish|p1a: Alomomola
|
|-heal|p1a: Alomomola|99/100|[from] item: Leftovers
|upkeep
|turn|22
|
|t:|1633768225
|switch|p1a: Piloswine|Piloswine, M|41/100 tox
|-damage|p1a: Piloswine|28/100 tox|[from] Stealth Rock
|-damage|p1a: Piloswine|16/100 tox|[from] Spikes
|move|p2a: Garbodor|Seed Bomb|p1a: Piloswine
|-supereffective|p1a: Piloswine
|-damage|p1a: Piloswine|0 fnt
|faint|p1a: Piloswine
|
|upkeep
|
|t:|1633768228
|switch|p1a: Alomomola|Alomomola, M|100/100
|-damage|p1a: Alomomola|88/100|[from] Spikes
|-damage|p1a: Alomomola|76/100|[from] Stealth Rock
|turn|23
|
|t:|1633768230
|move|p2a: Garbodor|Toxic|p1a: Alomomola
|-status|p1a: Alomomola|tox
|move|p1a: Alomomola|Waterfall|p2a: Garbodor
|-damage|p2a: Garbodor|28/100
|-damage|p1a: Alomomola|59/100 tox|[from] item: Rocky Helmet|[of] p2a: Garbodor
|
|-heal|p1a: Alomomola|65/100 tox|[from] item: Leftovers
|-damage|p1a: Alomomola|59/100 tox|[from] psn
|upkeep
|turn|24
|
|t:|1633768238
|move|p2a: Garbodor|Spikes|p1a: Alomomola
|-sidestart|p1: Togkey|Spikes
|move|p1a: Alomomola|Wish|p1a: Alomomola
|
|-heal|p1a: Alomomola|65/100 tox|[from] item: Leftovers
|-damage|p1a: Alomomola|53/100 tox|[from] psn
|upkeep
|turn|25
|
|t:|1633768242
|move|p2a: Garbodor|Clear Smog|p1a: Alomomola
|-damage|p1a: Alomomola|44/100 tox
|-clearboost|p1a: Alomomola
|move|p1a: Alomomola|Waterfall|p2a: Garbodor
|-damage|p2a: Garbodor|11/100
|-damage|p1a: Alomomola|28/100 tox|[from] item: Rocky Helmet|[of] p2a: Garbodor
|
|-heal|p1a: Alomomola|78/100 tox|[from] move: Wish|[wisher] Alomomola
|-heal|p1a: Alomomola|84/100 tox|[from] item: Leftovers
|-damage|p1a: Alomomola|65/100 tox|[from] psn
|upkeep
|turn|26
|
|t:|1633768250
|move|p2a: Garbodor|Seed Bomb|p1a: Alomomola
|-supereffective|p1a: Alomomola
|-damage|p1a: Alomomola|39/100 tox
|move|p1a: Alomomola|Healing Wish|p1a: Alomomola
|faint|p1a: Alomomola
|
|upkeep
|
|t:|1633768252
|switch|p1a: Serperior|Serperior, M|62/100
|-heal|p1a: Serperior|100/100|[from] move: Healing Wish
|-damage|p1a: Serperior|88/100|[from] Stealth Rock
|-damage|p1a: Serperior|72/100|[from] Spikes
|turn|27
|
|t:|1633768256
|move|p1a: Serperior|Giga Drain|p2a: Garbodor
|-resisted|p2a: Garbodor
|-damage|p2a: Garbodor|0 fnt
|-heal|p1a: Serperior|79/100|[from] drain|[of] p2a: Garbodor
|faint|p2a: Garbodor
|-damage|p1a: Serperior|69/100|[from] item: Life Orb
|
|upkeep
|
|t:|1633768267
|switch|p2a: Gurdurr|Gurdurr, M|75/100 tox
|-damage|p2a: Gurdurr|69/100 tox|[from] Stealth Rock
|turn|28
|
|t:|1633768271
|move|p1a: Serperior|Giga Drain|p2a: Gurdurr
|-crit|p2a: Gurdurr
|-damage|p2a: Gurdurr|0 fnt
|-heal|p1a: Serperior|100/100|[from] drain|[of] p2a: Gurdurr
|faint|p2a: Gurdurr
|-damage|p1a: Serperior|91/100|[from] item: Life Orb
|
|upkeep
|c|☆Togkey|rip
|c|☆wild drud|damn.
|
|t:|1633768276
|switch|p2a: Rotom|Rotom-Fan|76/100
|-damage|p2a: Rotom|51/100|[from] Stealth Rock
|turn|29
|
|t:|1633768310
|move|p1a: Serperior|Calm Mind|p1a: Serperior
|-boost|p1a: Serperior|spa|1
|-boost|p1a: Serperior|spd|1
|move|p2a: Rotom|Air Slash|p1a: Serperior
|-supereffective|p1a: Serperior
|-damage|p1a: Serperior|31/100
|
|upkeep
|turn|30
|c|☆Togkey|sorry
|
|t:|1633768315
|move|p1a: Serperior|Hidden Power|p2a: Rotom
|-supereffective|p2a: Rotom
|-damage|p2a: Rotom|0 fnt
|faint|p2a: Rotom
|-damage|p1a: Serperior|21/100|[from] item: Life Orb
|
|win|Togkey
|c|☆wild drud|why did u risk crit
|c|☆wild drud|hp killed
|c|☆wild drud|ggs
|c|☆Togkey|wasnt sure
|c|☆Togkey|serp is weak
|c|☆Togkey|ggs
|l|☆Togkey
|l|☆wild drud
|j|☆Togkey
|player|p1|Togkey|170
