|j|☆kingdedes
|j|☆uranium5
|t:|1644026870
|gametype|singles
|player|p1|kingdedes|102|1075
|player|p2|uranium5|101|1181
|teamsize|p1|6
|teamsize|p2|6
|gen|5
|tier|[Gen 5] OU
|rated|
|rule|Species Clause: Limit one of each Pokémon
|rule|OHKO Clause: OHKO moves are banned
|rule|Moody Clause: Moody is banned
|rule|Evasion Moves Clause: Evasion moves are banned
|rule|Endless Battle Clause: Forcing endless battles is banned
|rule|HP Percentage Mod: HP is shown in percentages
|rule|Evasion Abilities Clause: Evasion abilities are banned
|rule|Sleep Clause: Sleep-inducing moves are banned
|rule|Swagger Clause: Swagger is banned
|clearpoke
|poke|p1|Milotic, M|item
|poke|p1|Roserade, M|item
|poke|p1|Umbreon, M|item
|poke|p1|Heatran, M|item
|poke|p1|Lucario, M|item
|poke|p1|Gastrodon, M|item
|poke|p2|Magnezone|item
|poke|p2|Jirachi|item
|poke|p2|Latios, M|item
|poke|p2|Garchomp, F|item
|poke|p2|Salamence, F|item
|poke|p2|Mamoswine, F|item
|teampreview
|c|☆uranium5|oh i'm fighting you
|c|☆uranium5|glhf
|
|t:|1644026898
|start
|switch|p1a: Milodick|Milotic, M|100/100
|switch|p2a: Jirachi|Jirachi|100/100
|turn|1
|
|t:|1644026918
|move|p2a: Jirachi|Stealth Rock|p1a: Milodick
|-sidestart|p1: kingdedes|move: Stealth Rock
|move|p1a: Milodick|Scald|p2a: Jirachi
|-damage|p2a: Jirachi|83/100
|
|-heal|p2a: Jirachi|89/100|[from] item: Leftovers
|upkeep
|turn|2
|
|t:|1644026931
|move|p2a: Jirachi|Thunder|p1a: Milodick|[miss]
|-miss|p2a: Jirachi|p1a: Milodick
|move|p1a: Milodick|Scald|p2a: Jirachi
|-damage|p2a: Jirachi|72/100
|
|-heal|p2a: Jirachi|78/100|[from] item: Leftovers
|upkeep
|turn|3
|c|☆uranium5|of course
|c|☆uranium5|it misses
|
|t:|1644026952
|switch|p1a: The Ooze|Gastrodon, M|100/100
|-damage|p1a: The Ooze|94/100|[from] Stealth Rock
|move|p2a: Jirachi|Thunder|p1a: The Ooze
|-immune|p1a: The Ooze
|
|-heal|p2a: Jirachi|84/100|[from] item: Leftovers
|-heal|p1a: The Ooze|100/100|[from] item: Leftovers
|upkeep
|turn|4
|
|t:|1644026966
|move|p2a: Jirachi|U-turn|p1a: The Ooze
|-damage|p1a: The Ooze|88/100
|
|t:|1644026977
|switch|p2a: Latios|Latios, M|100/100|[from]move: U-turn
|move|p1a: The Ooze|Earthquake|p2a: Latios
|-immune|p2a: Latios|[from] ability: Levitate
|
|-heal|p1a: The Ooze|94/100|[from] item: Leftovers
|upkeep
|turn|5
|c|☆kingdedes|Lowkey forget she often carries Thunder
|c|☆uranium5|lol
|
|t:|1644027013
|switch|p1a: Moon bitch|Umbreon, M|100/100
|-damage|p1a: Moon bitch|88/100|[from] Stealth Rock
|move|p2a: Latios|Trick|p1a: Moon bitch
|-activate|p2a: Latios|move: Trick|[of] p1a: Moon bitch
|-item|p1a: Moon bitch|Choice Scarf|[from] move: Trick
|-item|p2a: Latios|Leftovers|[from] move: Trick
|
|upkeep
|turn|6
|
|t:|1644027030
|move|p2a: Latios|Draco Meteor|p1a: Moon bitch
|-damage|p1a: Moon bitch|42/100
|-unboost|p2a: Latios|spa|2
|move|p1a: Moon bitch|Foul Play|p2a: Latios
|-supereffective|p2a: Latios
|-damage|p2a: Latios|33/100
|
|-heal|p2a: Latios|39/100|[from] item: Leftovers
|upkeep
|turn|7
|
|t:|1644027048
|switch|p2a: Jirachi|Jirachi|84/100
|move|p1a: Moon bitch|Foul Play|p2a: Jirachi
|-damage|p2a: Jirachi|60/100
|
|-heal|p2a: Jirachi|66/100|[from] item: Leftovers
|upkeep
|turn|8
|
|t:|1644027063
|switch|p1a: FIRETANK|Heatran, M|100/100
|-damage|p1a: FIRETANK|88/100|[from] Stealth Rock
|move|p2a: Jirachi|U-turn|p1a: FIRETANK
|-resisted|p1a: FIRETANK
|-damage|p1a: FIRETANK|85/100
|
|t:|1644027079
|switch|p2a: Garchomp|Garchomp, F|100/100|[from]move: U-turn
|
|-heal|p1a: FIRETANK|91/100|[from] item: Leftovers
|upkeep
|turn|9
|
|t:|1644027104
|switch|p1a: Milodick|Milotic, M|100/100
|-damage|p1a: Milodick|88/100|[from] Stealth Rock
|move|p2a: Garchomp|Earthquake|p1a: Milodick
|-damage|p1a: Milodick|47/100
|
|-heal|p1a: Milodick|53/100|[from] item: Leftovers
|upkeep
|turn|10
|
|t:|1644027124
|switch|p2a: Salamence|Salamence, F, shiny|100/100
|move|p1a: Milodick|Ice Beam|p2a: Salamence
|-supereffective|p2a: Salamence
|-damage|p2a: Salamence|3/100
|
|-heal|p1a: Milodick|59/100|[from] item: Leftovers
|upkeep
|turn|11
|
|t:|1644027137
|move|p2a: Salamence|Outrage|p1a: Milodick
|-enditem|p2a: Salamence|Dragon Gem|[from] gem
|-damage|p1a: Milodick|0 fnt
|faint|p1a: Milodick
|-ability|p2a: Salamence|Moxie|boost
|-boost|p2a: Salamence|atk|1
|
|upkeep
|
|t:|1644027145
|switch|p1a: Just luke|Lucario, M|100/100
|-damage|p1a: Just luke|98/100|[from] Stealth Rock
|turn|12
|
|t:|1644027152
|move|p1a: Just luke|Extreme Speed|p2a: Salamence
|-damage|p2a: Salamence|0 fnt
|faint|p2a: Salamence
|-damage|p1a: Just luke|88/100|[from] item: Life Orb
|
|upkeep
|
|t:|1644027158
|switch|p2a: Mamoswine|Mamoswine, F, shiny|100/100
|turn|13
|
|t:|1644027168
|move|p1a: Just luke|Close Combat|p2a: Mamoswine
|-supereffective|p2a: Mamoswine
|-damage|p2a: Mamoswine|0 fnt
|-unboost|p1a: Just luke|def|1
|-unboost|p1a: Just luke|spd|1
|faint|p2a: Mamoswine
|-damage|p1a: Just luke|78/100|[from] item: Life Orb
|
|upkeep
|
|t:|1644027179
|switch|p2a: Magnezone|Magnezone, shiny|100/100
|-item|p2a: Magnezone|Air Balloon
|turn|14
|
|t:|1644027189
|move|p1a: Just luke|Swords Dance|p1a: Just luke
|-boost|p1a: Just luke|atk|2
|move|p2a: Magnezone|Hidden Power|p1a: Just luke
|-supereffective|p1a: Just luke
|-damage|p1a: Just luke|0 fnt
|faint|p1a: Just luke
|
|upkeep
|c|☆uranium5|lol
|
|t:|1644027210
|switch|p1a: FIRETANK|Heatran, M|91/100
|-damage|p1a: FIRETANK|78/100|[from] Stealth Rock
|turn|15
|
|t:|1644027223
|move|p2a: Magnezone|Thunderbolt|p1a: FIRETANK
|-damage|p1a: FIRETANK|35/100
|move|p1a: FIRETANK|Fire Blast|p2a: Magnezone
|-supereffective|p2a: Magnezone
|-damage|p2a: Magnezone|0 fnt
|-enditem|p2a: Magnezone|Air Balloon
|faint|p2a: Magnezone
|
|-heal|p1a: FIRETANK|42/100|[from] item: Leftovers
|upkeep
|
|t:|1644027233
|switch|p2a: Garchomp|Garchomp, F|100/100
|turn|16
|
|t:|1644027253
|switch|p1a: The Ooze|Gastrodon, M|94/100
|-damage|p1a: The Ooze|88/100|[from] Stealth Rock
|move|p2a: Garchomp|Earthquake|p1a: The Ooze
|-damage|p1a: The Ooze|45/100
|
|-heal|p1a: The Ooze|51/100|[from] item: Leftovers
|upkeep
|turn|17
|
|t:|1644027272
|move|p2a: Garchomp|Earthquake|p1a: The Ooze
|-damage|p1a: The Ooze|9/100
|move|p1a: The Ooze|Recover|p1a: The Ooze
|-heal|p1a: The Ooze|59/100
|
|-heal|p1a: The Ooze|65/100|[from] item: Leftovers
|upkeep
|turn|18
|inactive|Battle timer is ON: inactive players will automatically lose when time's up. (requested by uranium5)
|
|t:|1644027288
|move|p2a: Garchomp|Earthquake|p1a: The Ooze
|-damage|p1a: The Ooze|23/100
|move|p1a: The Ooze|Recover|p1a: The Ooze
|-heal|p1a: The Ooze|73/100
|
|-heal|p1a: The Ooze|79/100|[from] item: Leftovers
|upkeep
|turn|19
|
|t:|1644027300
|switch|p2a: Latios|Latios, M|39/100
|move|p1a: The Ooze|Scald|p2a: Latios
|-resisted|p2a: Latios
|-damage|p2a: Latios|26/100
|
|-heal|p2a: Latios|32/100|[from] item: Leftovers
|-heal|p1a: The Ooze|85/100|[from] item: Leftovers
|upkeep
|turn|20
|
|t:|1644027317
|move|p2a: Latios|Draco Meteor|p1a: The Ooze
|-damage|p1a: The Ooze|18/100
|-unboost|p2a: Latios|spa|2
|move|p1a: The Ooze|Toxic|p2a: Latios
|-status|p2a: Latios|tox
|
|-heal|p2a: Latios|38/100 tox|[from] item: Leftovers
|-heal|p1a: The Ooze|24/100|[from] item: Leftovers
|-damage|p2a: Latios|32/100 tox|[from] psn
|upkeep
|turn|21
|
|t:|1644027334
|move|p2a: Latios|Draco Meteor|p1a: The Ooze
|-damage|p1a: The Ooze|0 fnt
|-unboost|p2a: Latios|spa|2
|faint|p1a: The Ooze
|
|-heal|p2a: Latios|38/100 tox|[from] item: Leftovers
|-damage|p2a: Latios|26/100 tox|[from] psn
|upkeep
|
|t:|1644027345
|switch|p1a: Your Ass is Grass|Roserade, M|100/100
|-damage|p1a: Your Ass is Grass|88/100|[from] Stealth Rock
|turn|22
|
|t:|1644027353
|switch|p2a: Jirachi|Jirachi|66/100
|move|p1a: Your Ass is Grass|Giga Drain|p2a: Jirachi
|-resisted|p2a: Jirachi
|-damage|p2a: Jirachi|49/100
|-heal|p1a: Your Ass is Grass|100/100|[from] drain|[of] p2a: Jirachi
|-damage|p1a: Your Ass is Grass|91/100|[from] item: Life Orb
|
|-heal|p2a: Jirachi|55/100|[from] item: Leftovers
|upkeep
|turn|23
|
|t:|1644027369
|move|p1a: Your Ass is Grass|Giga Drain|p2a: Jirachi
|-resisted|p2a: Jirachi
|-damage|p2a: Jirachi|38/100
|-heal|p1a: Your Ass is Grass|100/100|[from] drain|[of] p2a: Jirachi
|-damage|p1a: Your Ass is Grass|91/100|[from] item: Life Orb
|move|p2a: Jirachi|Icy Wind|p1a: Your Ass is Grass
|-supereffective|p1a: Your Ass is Grass
|-damage|p1a: Your Ass is Grass|59/100
|-unboost|p1a: Your Ass is Grass|spe|1
|
|-heal|p2a: Jirachi|44/100|[from] item: Leftovers
|upkeep
|turn|24
|
|t:|1644027382
|move|p2a: Jirachi|Icy Wind|p1a: Your Ass is Grass
|-supereffective|p1a: Your Ass is Grass
|-damage|p1a: Your Ass is Grass|26/100
|-unboost|p1a: Your Ass is Grass|spe|1
|move|p1a: Your Ass is Grass|Leaf Storm|p2a: Jirachi
|-resisted|p2a: Jirachi
|-damage|p2a: Jirachi|16/100
|-unboost|p1a: Your Ass is Grass|spa|2
|-damage|p1a: Your Ass is Grass|16/100|[from] item: Life Orb
|
|-heal|p2a: Jirachi|22/100|[from] item: Leftovers
|upkeep
|turn|25
|
|t:|1644027396
|switch|p1a: FIRETANK|Heatran, M|42/100
|-damage|p1a: FIRETANK|29/100|[from] Stealth Rock
|move|p2a: Jirachi|Icy Wind|p1a: FIRETANK
|-resisted|p1a: FIRETANK
|-damage|p1a: FIRETANK|27/100
|-unboost|p1a: FIRETANK|spe|1
|
|-heal|p2a: Jirachi|28/100|[from] item: Leftovers
|-heal|p1a: FIRETANK|33/100|[from] item: Leftovers
|upkeep
|turn|26
|
|t:|1644027411
|move|p2a: Jirachi|Thunder|p1a: FIRETANK|[miss]
|-miss|p2a: Jirachi|p1a: FIRETANK
|move|p1a: FIRETANK|Sunny Day|p1a: FIRETANK
|-weather|SunnyDay
|
|-weather|SunnyDay|[upkeep]
|-heal|p2a: Jirachi|34/100|[from] item: Leftovers
|-heal|p1a: FIRETANK|39/100|[from] item: Leftovers
|upkeep
|turn|27
|c|☆uranium5|WHY
|
|t:|1644027424
|switch|p2a: Garchomp|Garchomp, F|100/100
|move|p1a: FIRETANK|Fire Blast|p2a: Garchomp
|-resisted|p2a: Garchomp
|-damage|p2a: Garchomp|40/100
|
|-weather|SunnyDay|[upkeep]
|-heal|p1a: FIRETANK|46/100|[from] item: Leftovers
|upkeep
|turn|28
|inactive|kingdedes has 120 seconds left.
|
|t:|1644027445
|switch|p1a: Moon bitch|Umbreon, M|42/100
|-damage|p1a: Moon bitch|30/100|[from] Stealth Rock
|move|p2a: Garchomp|Earthquake|p1a: Moon bitch
|-damage|p1a: Moon bitch|0 fnt
|faint|p1a: Moon bitch
|
|-weather|SunnyDay|[upkeep]
|upkeep
|
|t:|1644027457
|switch|p1a: FIRETANK|Heatran, M|46/100
|-damage|p1a: FIRETANK|33/100|[from] Stealth Rock
|turn|29
|
|t:|1644027462
|move|p2a: Garchomp|Earthquake|p1a: FIRETANK
|-supereffective|p1a: FIRETANK
|-crit|p1a: FIRETANK
|-damage|p1a: FIRETANK|0 fnt
|faint|p1a: FIRETANK
|
|-weather|SunnyDay|[upkeep]
|upkeep
|
|t:|1644027469
|switch|p1a: Your Ass is Grass|Roserade, M|16/100
|-damage|p1a: Your Ass is Grass|4/100|[from] Stealth Rock
|turn|30
|
|t:|1644027473
|move|p2a: Garchomp|Earthquake|p1a: Your Ass is Grass
|-damage|p1a: Your Ass is Grass|0 fnt
|faint|p1a: Your Ass is Grass
|
|win|uranium5
|raw|kingdedes's rating: 1075 &rarr; <strong>1060</strong><br />(-15 for losing)
|raw|uranium5's rating: 1181 &rarr; <strong>1199</strong><br />(+18 for winning)
|c|☆uranium5|gg
|l|☆kingdedes
