|j|☆furutam
|j|☆PotatoMine1
|t:|1644072697
|gametype|singles
|player|p1|furutam|1|1371
|player|p2|PotatoMine1|169|1453
|teamsize|p1|6
|teamsize|p2|6
|gen|5
|tier|[Gen 5] OU
|rated|
|rule|Species Clause: Limit one of each Pokémon
|rule|OHKO Clause: OHKO moves are banned
|rule|Moody Clause: Moody is banned
|rule|Evasion Moves Clause: Evasion moves are banned
|rule|Endless Battle Clause: Forcing endless battles is banned
|rule|HP Percentage Mod: HP is shown in percentages
|rule|Evasion Abilities Clause: Evasion abilities are banned
|rule|Sleep Clause: Sleep-inducing moves are banned
|rule|Swagger Clause: Swagger is banned
|clearpoke
|poke|p1|Politoed, M|item
|poke|p1|Tentacruel, F|item
|poke|p1|Ferrothorn, M|item
|poke|p1|Latios, M|item
|poke|p1|Thundurus-Therian, M|item
|poke|p1|Rotom-Wash|item
|poke|p2|Alakazam, M|item
|poke|p2|Landorus-Therian, M|item
|poke|p2|Ferrothorn, M|item
|poke|p2|Jellicent, F|item
|poke|p2|Heatran, F|item
|poke|p2|Latios, M|item
|teampreview
|
|t:|1644072703
|start
|switch|p1a: Politoed|Politoed, M|100/100
|switch|p2a: Jellicent|Jellicent, F|100/100
|-weather|RainDance|[from] ability: Drizzle|[of] p1a: Politoed
|turn|1
|
|t:|1644072712
|move|p2a: Jellicent|Taunt|p1a: Politoed
|-start|p1a: Politoed|move: Taunt
|cant|p1a: Politoed|move: Taunt|Encore
|
|-weather|RainDance|[upkeep]
|upkeep
|turn|2
|
|t:|1644072719
|switch|p1a: Tentacruel|Tentacruel, F|100/100
|move|p2a: Jellicent|Will-O-Wisp|p1a: Tentacruel
|-status|p1a: Tentacruel|brn
|
|-weather|RainDance|[upkeep]
|-damage|p1a: Tentacruel|88/100 brn|[from] brn
|upkeep
|turn|3
|
|t:|1644072724
|switch|p1a: Thundurus|Thundurus-Therian, M|100/100
|switch|p2a: Ferrothorn|Ferrothorn, M|100/100
|
|-weather|RainDance|[upkeep]
|upkeep
|turn|4
|
|t:|1644072729
|move|p1a: Thundurus|Focus Blast|p2a: Ferrothorn
|-supereffective|p2a: Ferrothorn
|-damage|p2a: Ferrothorn|36/100
|-unboost|p2a: Ferrothorn|spd|1
|move|p2a: Ferrothorn|Power Whip|p1a: Thundurus
|-resisted|p1a: Thundurus
|-damage|p1a: Thundurus|73/100
|
|-weather|RainDance|[upkeep]
|-heal|p1a: Thundurus|79/100|[from] item: Leftovers
|-heal|p2a: Ferrothorn|43/100|[from] item: Leftovers
|upkeep
|turn|5
|
|t:|1644072741
|switch|p2a: Latios|Latios, M|100/100
|move|p1a: Thundurus|Hidden Power|p2a: Latios
|-supereffective|p2a: Latios
|-damage|p2a: Latios|45/100
|
|-weather|RainDance|[upkeep]
|-heal|p1a: Thundurus|85/100|[from] item: Leftovers
|upkeep
|turn|6
|
|t:|1644072748
|move|p1a: Thundurus|Protect|p1a: Thundurus
|-singleturn|p1a: Thundurus|Protect
|move|p2a: Latios|Draco Meteor|p1a: Thundurus
|-activate|p1a: Thundurus|move: Protect
|
|-weather|RainDance|[upkeep]
|-heal|p1a: Thundurus|92/100|[from] item: Leftovers
|upkeep
|turn|7
|
|t:|1644072752
|switch|p1a: Ferrothorn|Ferrothorn, M|100/100
|move|p2a: Latios|Draco Meteor|p1a: Ferrothorn
|-resisted|p1a: Ferrothorn
|-damage|p1a: Ferrothorn|78/100
|-unboost|p2a: Latios|spa|2
|
|-weather|RainDance|[upkeep]
|-heal|p1a: Ferrothorn|85/100|[from] item: Leftovers
|upkeep
|turn|8
|
|t:|1644072760
|switch|p2a: Heatran|Heatran, F|100/100
|move|p1a: Ferrothorn|Spikes|p2a: Heatran
|-sidestart|p2: PotatoMine1|Spikes
|
|-weather|RainDance|[upkeep]
|-heal|p1a: Ferrothorn|91/100|[from] item: Leftovers
|upkeep
|turn|9
|
|t:|1644072764
|switch|p1a: Politoed|Politoed, M|100/100
|move|p2a: Heatran|Hidden Power|p1a: Politoed
|-supereffective|p1a: Politoed
|-damage|p1a: Politoed|66/100
|
|-weather|RainDance|[upkeep]
|-heal|p1a: Politoed|72/100|[from] item: Leftovers
|upkeep
|turn|10
|
|t:|1644072775
|switch|p2a: Ferrothorn|Ferrothorn, M|43/100
|-damage|p2a: Ferrothorn|30/100|[from] Spikes
|switch|p1a: Tentacruel|Tentacruel, F|88/100 brn
|
|-weather|RainDance|[upkeep]
|-heal|p1a: Tentacruel|94/100 brn|[from] ability: Rain Dish
|-heal|p1a: Tentacruel|99/100 brn|[from] item: Black Sludge
|-heal|p2a: Ferrothorn|36/100|[from] item: Leftovers
|-damage|p1a: Tentacruel|88/100 brn|[from] brn
|upkeep
|turn|11
|
|t:|1644072779
|move|p1a: Tentacruel|Toxic Spikes|p2a: Ferrothorn
|-sidestart|p2: PotatoMine1|move: Toxic Spikes
|move|p2a: Ferrothorn|Knock Off|p1a: Tentacruel
|-damage|p1a: Tentacruel|83/100 brn
|-enditem|p1a: Tentacruel|Black Sludge|[from] move: Knock Off|[of] p2a: Ferrothorn
|
|-weather|RainDance|[upkeep]
|-heal|p1a: Tentacruel|89/100 brn|[from] ability: Rain Dish
|-heal|p2a: Ferrothorn|43/100|[from] item: Leftovers
|-damage|p1a: Tentacruel|77/100 brn|[from] brn
|upkeep
|turn|12
|
|t:|1644072786
|switch|p1a: Thundurus|Thundurus-Therian, M|92/100
|switch|p2a: Jellicent|Jellicent, F|100/100
|-damage|p2a: Jellicent|88/100|[from] Spikes
|-status|p2a: Jellicent|psn
|
|-weather|RainDance|[upkeep]
|-heal|p1a: Thundurus|98/100|[from] item: Leftovers
|-heal|p2a: Jellicent|94/100 psn|[from] item: Leftovers
|-damage|p2a: Jellicent|82/100 psn|[from] psn
|upkeep
|turn|13
|
|t:|1644072792
|switch|p2a: Latios|Latios, M|45/100
|move|p1a: Thundurus|Thunder|p2a: Latios
|-resisted|p2a: Latios
|-damage|p2a: Latios|11/100
|-status|p2a: Latios|par
|
|-weather|RainDance|[upkeep]
|-heal|p1a: Thundurus|100/100|[from] item: Leftovers
|upkeep
|turn|14
|
|t:|1644072798
|move|p1a: Thundurus|Thunder|p2a: Latios
|-resisted|p2a: Latios
|-damage|p2a: Latios|0 fnt
|faint|p2a: Latios
|
|-weather|RainDance|[upkeep]
|upkeep
|
|t:|1644072800
|switch|p2a: Alakazam|Alakazam, M|100/100
|-status|p2a: Alakazam|psn
|turn|15
|
|t:|1644072809
|switch|p1a: Tentacruel|Tentacruel, F|77/100 brn
|move|p2a: Alakazam|Hidden Power|p1a: Tentacruel
|-resisted|p1a: Tentacruel
|-damage|p1a: Tentacruel|66/100 brn
|
|-weather|RainDance|[upkeep]
|-heal|p1a: Tentacruel|72/100 brn|[from] ability: Rain Dish
|-damage|p1a: Tentacruel|59/100 brn|[from] brn
|upkeep
|turn|16
|
|t:|1644072812
|move|p2a: Alakazam|Psychic|p1a: Tentacruel
|-supereffective|p1a: Tentacruel
|-damage|p1a: Tentacruel|0 fnt
|faint|p1a: Tentacruel
|
|-weather|RainDance|[upkeep]
|upkeep
|
|t:|1644072814
|switch|p1a: Politoed|Politoed, M|72/100
|turn|17
|
|t:|1644072818
|switch|p2a: Jellicent|Jellicent, F|82/100 psn
|-damage|p2a: Jellicent|69/100 psn|[from] Spikes
|move|p1a: Politoed|Scald|p2a: Jellicent
|-heal|p2a: Jellicent|94/100 psn|[from] ability: Water Absorb|[of] p1a: Politoed
|
|-weather|RainDance|[upkeep]
|-heal|p2a: Jellicent|100/100 psn|[from] item: Leftovers
|-heal|p1a: Politoed|78/100|[from] item: Leftovers
|-damage|p2a: Jellicent|88/100 psn|[from] psn
|upkeep
|turn|18
|
|t:|1644072828
|switch|p1a: Rotom|Rotom-Wash|100/100
|move|p2a: Jellicent|Will-O-Wisp|p1a: Rotom
|-status|p1a: Rotom|brn
|
|-weather|RainDance|[upkeep]
|-heal|p2a: Jellicent|94/100 psn|[from] item: Leftovers
|-damage|p2a: Jellicent|82/100 psn|[from] psn
|-damage|p1a: Rotom|88/100 brn|[from] brn
|upkeep
|turn|19
|
|t:|1644072835
|switch|p2a: Ferrothorn|Ferrothorn, M|43/100
|-damage|p2a: Ferrothorn|30/100|[from] Spikes
|move|p1a: Rotom|Volt Switch|p2a: Ferrothorn
|-resisted|p2a: Ferrothorn
|-damage|p2a: Ferrothorn|22/100
|
|t:|1644072849
|switch|p1a: Thundurus|Thundurus-Therian, M|100/100|[from]move: Volt Switch
|
|-weather|RainDance|[upkeep]
|-heal|p2a: Ferrothorn|28/100|[from] item: Leftovers
|upkeep
|turn|20
|
|t:|1644072854
|move|p1a: Thundurus|Focus Blast|p2a: Ferrothorn
|-supereffective|p2a: Ferrothorn
|-damage|p2a: Ferrothorn|0 fnt
|faint|p2a: Ferrothorn
|
|-weather|RainDance|[upkeep]
|upkeep
|
|t:|1644072857
|switch|p2a: Alakazam|Alakazam, M|100/100 psn
|turn|21
|j| SKT T1 Motherfaker
|
|t:|1644072863
|switch|p1a: Politoed|Politoed, M|78/100
|move|p2a: Alakazam|Hidden Power|p1a: Politoed
|-resisted|p1a: Politoed
|-damage|p1a: Politoed|70/100
|
|-weather|RainDance|[upkeep]
|-heal|p1a: Politoed|76/100|[from] item: Leftovers
|upkeep
|turn|22
|
|t:|1644072868
|switch|p2a: Jellicent|Jellicent, F|82/100 psn
|-damage|p2a: Jellicent|69/100 psn|[from] Spikes
|switch|p1a: Ferrothorn|Ferrothorn, M|91/100
|
|-weather|RainDance|[upkeep]
|-heal|p2a: Jellicent|76/100 psn|[from] item: Leftovers
|-heal|p1a: Ferrothorn|97/100|[from] item: Leftovers
|-damage|p2a: Jellicent|63/100 psn|[from] psn
|upkeep
|turn|23
|
|t:|1644072872
|move|p2a: Jellicent|Will-O-Wisp|p1a: Ferrothorn
|-status|p1a: Ferrothorn|brn
|move|p1a: Ferrothorn|Power Whip|p2a: Jellicent
|-supereffective|p2a: Jellicent
|-damage|p2a: Jellicent|27/100 psn
|
|-weather|RainDance|[upkeep]
|-heal|p2a: Jellicent|34/100 psn|[from] item: Leftovers
|-heal|p1a: Ferrothorn|100/100 brn|[from] item: Leftovers
|-damage|p2a: Jellicent|21/100 psn|[from] psn
|-damage|p1a: Ferrothorn|88/100 brn|[from] brn
|upkeep
|turn|24
|
|t:|1644072880
|switch|p1a: Thundurus|Thundurus-Therian, M|100/100
|move|p2a: Jellicent|Recover|p2a: Jellicent
|-heal|p2a: Jellicent|71/100 psn
|
|-weather|RainDance|[upkeep]
|-heal|p2a: Jellicent|77/100 psn|[from] item: Leftovers
|-damage|p2a: Jellicent|65/100 psn|[from] psn
|upkeep
|turn|25
|
|t:|1644072889
|switch|p2a: Heatran|Heatran, F|100/100
|-damage|p2a: Heatran|88/100|[from] Spikes
|move|p1a: Thundurus|Hidden Power|p2a: Heatran
|-resisted|p2a: Heatran
|-damage|p2a: Heatran|83/100
|
|-weather|RainDance|[upkeep]
|-heal|p2a: Heatran|89/100|[from] item: Leftovers
|upkeep
|turn|26
|
|t:|1644072892
|move|p1a: Thundurus|Thunder|p2a: Heatran
|-damage|p2a: Heatran|27/100
|-status|p2a: Heatran|par
|cant|p2a: Heatran|par
|
|-weather|RainDance|[upkeep]
|-heal|p2a: Heatran|33/100 par|[from] item: Leftovers
|upkeep
|turn|27
|
|t:|1644072899
|move|p1a: Thundurus|Thunder|p2a: Heatran
|-damage|p2a: Heatran|0 fnt
|faint|p2a: Heatran
|
|-weather|RainDance|[upkeep]
|upkeep
|
|t:|1644072901
|switch|p2a: Alakazam|Alakazam, M|100/100 psn
|turn|28
|
|t:|1644072906
|switch|p1a: Ferrothorn|Ferrothorn, M|88/100 brn
|move|p2a: Alakazam|Focus Blast|p1a: Ferrothorn
|-supereffective|p1a: Ferrothorn
|-crit|p1a: Ferrothorn
|-damage|p1a: Ferrothorn|0 fnt
|faint|p1a: Ferrothorn
|
|-weather|RainDance|[upkeep]
|upkeep
|
|t:|1644072910
|switch|p1a: Politoed|Politoed, M|76/100
|turn|29
|
|t:|1644072917
|switch|p2a: Jellicent|Jellicent, F|65/100 psn
|-damage|p2a: Jellicent|53/100 psn|[from] Spikes
|switch|p1a: Rotom|Rotom-Wash|88/100 brn
|
|-weather|RainDance|[upkeep]
|-heal|p2a: Jellicent|59/100 psn|[from] item: Leftovers
|-heal|p1a: Rotom|94/100 brn|[from] item: Leftovers
|-damage|p2a: Jellicent|46/100 psn|[from] psn
|-damage|p1a: Rotom|82/100 brn|[from] brn
|upkeep
|turn|30
|
|t:|1644072921
|move|p2a: Jellicent|Recover|p2a: Jellicent
|-heal|p2a: Jellicent|97/100 psn
|move|p1a: Rotom|Volt Switch|p2a: Jellicent
|-supereffective|p2a: Jellicent
|-damage|p2a: Jellicent|54/100 psn
|
|t:|1644072926
|switch|p1a: Thundurus|Thundurus-Therian, M|100/100|[from]move: Volt Switch
|
|-weather|RainDance|[upkeep]
|-heal|p2a: Jellicent|61/100 psn|[from] item: Leftovers
|-damage|p2a: Jellicent|48/100 psn|[from] psn
|upkeep
|turn|31
|
|t:|1644072931
|move|p1a: Thundurus|Thunder|p2a: Jellicent
|-supereffective|p2a: Jellicent
|-damage|p2a: Jellicent|0 fnt
|faint|p2a: Jellicent
|
|-weather|RainDance|[upkeep]
|upkeep
|
|t:|1644072933
|switch|p2a: Alakazam|Alakazam, M|100/100 psn
|turn|32
|
|t:|1644072943
|move|p2a: Alakazam|Psychic|p1a: Thundurus
|-damage|p1a: Thundurus|35/100
|move|p1a: Thundurus|Thunder|p2a: Alakazam
|-enditem|p2a: Alakazam|Focus Sash
|-damage|p2a: Alakazam|1/100 psn
|
|-weather|RainDance|[upkeep]
|-heal|p1a: Thundurus|41/100|[from] item: Leftovers
|upkeep
|turn|33
|
|t:|1644072946
|move|p2a: Alakazam|Psychic|p1a: Thundurus
|-damage|p1a: Thundurus|0 fnt
|faint|p1a: Thundurus
|
|-weather|RainDance|[upkeep]
|upkeep
|
|t:|1644072948
|switch|p1a: Politoed|Politoed, M|76/100
|turn|34
|
|t:|1644072951
|switch|p2a: Landorus|Landorus-Therian, M|100/100
|-ability|p2a: Landorus|Intimidate|boost
|-unboost|p1a: Politoed|atk|1
|move|p1a: Politoed|Scald|p2a: Landorus
|-supereffective|p2a: Landorus
|-damage|p2a: Landorus|3/100
|
|-weather|RainDance|[upkeep]
|-heal|p2a: Landorus|9/100|[from] item: Leftovers
|-heal|p1a: Politoed|82/100|[from] item: Leftovers
|upkeep
|turn|35
|
|t:|1644072961
|move|p2a: Landorus|Earthquake|p1a: Politoed
|-damage|p1a: Politoed|33/100
|move|p1a: Politoed|Scald|p2a: Landorus
|-supereffective|p2a: Landorus
|-damage|p2a: Landorus|0 fnt
|faint|p2a: Landorus
|
|-weather|RainDance|[upkeep]
|-heal|p1a: Politoed|39/100|[from] item: Leftovers
|upkeep
|
|t:|1644072966
|switch|p2a: Alakazam|Alakazam, M|1/100 psn
|turn|36
|
|t:|1644072971
|move|p1a: Politoed|Protect|p1a: Politoed
|-singleturn|p1a: Politoed|Protect
|move|p2a: Alakazam|Psychic|p1a: Politoed
|-activate|p1a: Politoed|move: Protect
|
|-weather|RainDance|[upkeep]
|-heal|p1a: Politoed|46/100|[from] item: Leftovers
|upkeep
|turn|37
|
|t:|1644072976
|switch|p1a: Rotom|Rotom-Wash|82/100 brn
|move|p2a: Alakazam|Psychic|p1a: Rotom
|-crit|p1a: Rotom
|-damage|p1a: Rotom|9/100 brn
|
|-weather|RainDance|[upkeep]
|-heal|p1a: Rotom|15/100 brn|[from] item: Leftovers
|-damage|p1a: Rotom|3/100 brn|[from] brn
|upkeep
|turn|38
|
|t:|1644072978
|move|p2a: Alakazam|Psychic|p1a: Rotom
|-damage|p1a: Rotom|0 fnt
|faint|p1a: Rotom
|
|-weather|RainDance|[upkeep]
|upkeep
|
|t:|1644072980
|switch|p1a: Politoed|Politoed, M|46/100
|turn|39
|
|t:|1644072983
|move|p1a: Politoed|Protect|p1a: Politoed
|-singleturn|p1a: Politoed|Protect
|move|p2a: Alakazam|Psychic|p1a: Politoed
|-activate|p1a: Politoed|move: Protect
|
|-weather|RainDance|[upkeep]
|-heal|p1a: Politoed|52/100|[from] item: Leftovers
|upkeep
|turn|40
|
|t:|1644072985
|move|p2a: Alakazam|Psychic|p1a: Politoed
|-damage|p1a: Politoed|20/100
|move|p1a: Politoed|Scald|p2a: Alakazam
|-damage|p2a: Alakazam|0 fnt
|faint|p2a: Alakazam
|
|win|furutam
|raw|furutam's rating: 1371 &rarr; <strong>1396</strong><br />(+25 for winning)
|raw|PotatoMine1's rating: 1453 &rarr; <strong>1428</strong><br />(-25 for losing)
|l|☆furutam
