|j|☆ajdrawshq
|j|☆Cesar2543
|t:|1639035946
|gametype|singles
|player|p1|ajdrawshq|silver|1348
|player|p2|Cesar2543|palmer|1436
|teamsize|p1|6
|teamsize|p2|6
|gen|8
|tier|[Gen 8] National Dex
|rated|
|rule|HP Percentage Mod: HP is shown in percentages
|rule|Endless Battle Clause: Forcing endless battles is banned
|rule|OHKO Clause: OHKO moves are banned
|rule|Evasion Moves Clause: Evasion moves are banned
|rule|Species Clause: Limit one of each Pokémon
|rule|Dynamax Clause: You cannot dynamax
|rule|Sleep Clause Mod: Limit one foe put to sleep
|clearpoke
|poke|p1|Lopunny, F|
|poke|p1|Doublade, F|
|poke|p1|Skarmory, F|
|poke|p1|Gallade, M|
|poke|p1|Mimikyu, M|
|poke|p1|Sylveon, F|
|poke|p2|Mawile, F|
|poke|p2|Rotom-Wash|
|poke|p2|Garchomp, F|
|poke|p2|Ferrothorn, M|
|poke|p2|Landorus-Therian, M|
|poke|p2|Victini|
|teampreview
|inactive|Battle timer is ON: inactive players will automatically lose when time's up. (requested by ajdrawshq)
|
|t:|1639035959
|start
|switch|p1a: Sylveon|Sylveon, F|100/100
|switch|p2a: Victini|Victini|100/100
|turn|1
|
|t:|1639035970
|move|p2a: Victini|Toxic|p1a: Sylveon
|-status|p1a: Sylveon|tox
|move|p1a: Sylveon|Hyper Voice|p2a: Victini
|-resisted|p2a: Victini
|-crit|p2a: Victini
|-damage|p2a: Victini|57/100
|
|-damage|p1a: Sylveon|94/100 tox|[from] psn
|upkeep
|turn|2
|
|t:|1639035978
|move|p2a: Victini|U-turn|p1a: Sylveon
|-resisted|p1a: Sylveon
|-crit|p1a: Sylveon
|-damage|p1a: Sylveon|80/100 tox
|
|t:|1639035982
|switch|p2a: Ferrothorn|Ferrothorn, M|100/100|[from]move: U-turn
|move|p1a: Sylveon|Hyper Voice|p2a: Ferrothorn
|-resisted|p2a: Ferrothorn
|-damage|p2a: Ferrothorn|81/100
|
|-heal|p1a: Sylveon|86/100 tox|[from] item: Leftovers
|-heal|p2a: Ferrothorn|87/100|[from] item: Leftovers
|-damage|p1a: Sylveon|74/100 tox|[from] psn
|upkeep
|turn|3
|
|t:|1639035992
|move|p1a: Sylveon|Mystical Fire|p2a: Ferrothorn
|-supereffective|p2a: Ferrothorn
|-damage|p2a: Ferrothorn|12/100
|-unboost|p2a: Ferrothorn|spa|1
|move|p2a: Ferrothorn|Spikes|p1a: Sylveon
|-sidestart|p1: ajdrawshq|Spikes
|
|-heal|p1a: Sylveon|80/100 tox|[from] item: Leftovers
|-heal|p2a: Ferrothorn|18/100|[from] item: Leftovers
|-damage|p1a: Sylveon|62/100 tox|[from] psn
|upkeep
|turn|4
|
|t:|1639036000
|switch|p2a: Rotom|Rotom-Wash|100/100
|move|p1a: Sylveon|Mystical Fire|p2a: Rotom
|-resisted|p2a: Rotom
|-damage|p2a: Rotom|90/100
|-unboost|p2a: Rotom|spa|1
|
|-heal|p2a: Rotom|96/100|[from] item: Leftovers
|-heal|p1a: Sylveon|68/100 tox|[from] item: Leftovers
|-damage|p1a: Sylveon|44/100 tox|[from] psn
|upkeep
|turn|5
|
|t:|1639036008
|move|p2a: Rotom|Volt Switch|p1a: Sylveon
|-damage|p1a: Sylveon|32/100 tox
|
|t:|1639036016
|switch|p2a: Mawile|Mawile, F|100/100|[from]move: Volt Switch
|move|p1a: Sylveon|Hyper Voice|p2a: Mawile
|-resisted|p2a: Mawile
|-damage|p2a: Mawile|46/100
|
|-heal|p1a: Sylveon|38/100 tox|[from] item: Leftovers
|-damage|p1a: Sylveon|7/100 tox|[from] psn
|upkeep
|turn|6
|
|t:|1639036026
|switch|p2a: Victini|Victini|57/100
|move|p1a: Sylveon|Mystical Fire|p2a: Victini
|-resisted|p2a: Victini
|-damage|p2a: Victini|45/100
|-unboost|p2a: Victini|spa|1
|
|-heal|p1a: Sylveon|14/100 tox|[from] item: Leftovers
|-damage|p1a: Sylveon|0 fnt|[from] psn
|faint|p1a: Sylveon
|upkeep
|
|t:|1639036032
|switch|p1a: Skarmory|Skarmory, F|100/100
|turn|7
|
|t:|1639036040
|move|p2a: Victini|Blue Flare|p1a: Skarmory
|-supereffective|p1a: Skarmory
|-ability|p1a: Skarmory|Sturdy
|-damage|p1a: Skarmory|1/100
|move|p1a: Skarmory|Stealth Rock|p2a: Victini
|-sidestart|p2: Cesar2543|move: Stealth Rock
|
|-heal|p1a: Skarmory|7/100|[from] item: Leftovers
|upkeep
|turn|8
|
|t:|1639036058
|move|p2a: Victini|Psychic|p1a: Skarmory
|-resisted|p1a: Skarmory
|-damage|p1a: Skarmory|0 fnt
|faint|p1a: Skarmory
|
|upkeep
|
|t:|1639036074
|switch|p1a: Doublade|Doublade, F|100/100
|-damage|p1a: Doublade|88/100|[from] Spikes
|turn|9
|
|t:|1639036080
|switch|p2a: Landorus|Landorus-Therian, M|100/100
|-damage|p2a: Landorus|88/100|[from] Stealth Rock
|-ability|p2a: Landorus|Intimidate|boost
|-unboost|p1a: Doublade|atk|1
|move|p1a: Doublade|Shadow Sneak|p2a: Landorus
|-damage|p2a: Landorus|73/100
|
|upkeep
|turn|10
|
|t:|1639036093
|move|p2a: Landorus|Earthquake|p1a: Doublade
|-supereffective|p1a: Doublade
|-damage|p1a: Doublade|34/100
|move|p1a: Doublade|Swords Dance|p1a: Doublade
|-boost|p1a: Doublade|atk|2
|
|upkeep
|turn|11
|
|t:|1639036100
|move|p1a: Doublade|Shadow Sneak|p2a: Landorus
|-damage|p2a: Landorus|36/100
|move|p2a: Landorus|Earthquake|p1a: Doublade
|-supereffective|p1a: Doublade
|-damage|p1a: Doublade|0 fnt
|faint|p1a: Doublade
|
|upkeep
|
|t:|1639036106
|switch|p1a: Gallade|Gallade, M|100/100
|-damage|p1a: Gallade|88/100|[from] Spikes
|turn|12
|
|t:|1639036115
|move|p2a: Landorus|Earthquake|p1a: Gallade
|-damage|p1a: Gallade|0 fnt
|faint|p1a: Gallade
|
|upkeep
|
|t:|1639036122
|switch|p1a: Lopunny|Lopunny, F|100/100
|-damage|p1a: Lopunny|88/100|[from] Spikes
|turn|13
|
|t:|1639036126
|detailschange|p1a: Lopunny|Lopunny-Mega, F
|-mega|p1a: Lopunny|Lopunny|Lopunnite
|move|p1a: Lopunny|Fake Out|p2a: Landorus
|-damage|p2a: Landorus|10/100
|cant|p2a: Landorus|flinch
|
|upkeep
|turn|14
|
|t:|1639036132
|move|p2a: Landorus|Earthquake|p1a: Lopunny
|-damage|p1a: Lopunny|14/100
|move|p1a: Lopunny|U-turn|p2a: Landorus
|-resisted|p2a: Landorus
|-damage|p2a: Landorus|0 fnt
|faint|p2a: Landorus
|
|t:|1639036135
|switch|p1a: Mimikyu|Mimikyu, M|100/100|[from]move: U-turn
|-damage|p1a: Mimikyu|88/100|[from] Spikes
|
|upkeep
|-message|ajdrawshq forfeited.
|
|win|Cesar2543
|raw|ajdrawshq's rating: 1348 &rarr; <strong>1333</strong><br />(-15 for losing)
|raw|Cesar2543's rating: 1436 &rarr; <strong>1451</strong><br />(+15 for winning)
|l|☆ajdrawshq
