|j|☆IzTortle
|j|☆KoYYL
|t:|1639038171
|gametype|singles
|player|p1|IzTortle|102|1369
|player|p2|KoYYL|winona|1395
|teamsize|p1|6
|teamsize|p2|6
|gen|8
|tier|[Gen 8] National Dex
|rated|
|rule|HP Percentage Mod: HP is shown in percentages
|rule|Endless Battle Clause: Forcing endless battles is banned
|rule|OHKO Clause: OHKO moves are banned
|rule|Evasion Moves Clause: Evasion moves are banned
|rule|Species Clause: Limit one of each Pokémon
|rule|Dynamax Clause: You cannot dynamax
|rule|Sleep Clause Mod: Limit one foe put to sleep
|clearpoke
|poke|p1|Lopunny, M|
|poke|p1|Landorus-Therian, M|
|poke|p1|Slowbro, M|
|poke|p1|Heatran, F|
|poke|p1|Kartana|
|poke|p1|Kyurem|
|poke|p2|Hoopa-Unbound|
|poke|p2|Scizor, M|
|poke|p2|Heatran, F|
|poke|p2|Landorus-Therian, M|
|poke|p2|Kyurem|
|poke|p2|Toxapex, M|
|teampreview
|
|t:|1639038182
|start
|switch|p1a: Landorus|Landorus-Therian, M|100/100
|switch|p2a: Lando-Russe|Landorus-Therian, M|100/100
|-ability|p2a: Lando-Russe|Intimidate|boost
|-unboost|p1a: Landorus|atk|1
|-ability|p1a: Landorus|Intimidate|boost
|-unboost|p2a: Lando-Russe|atk|1
|turn|1
|c|☆IzTortle|Français ?
|c|☆KoYYL|ui
|
|t:|1639038207
|move|p2a: Lando-Russe|U-turn|p1a: Landorus
|-resisted|p1a: Landorus
|-damage|p1a: Landorus|95/100
|
|t:|1639038216
|switch|p2a: ToxCbon|Toxapex, M|100/100|[from]move: U-turn
|move|p1a: Landorus|Stealth Rock|p2a: ToxCbon
|-sidestart|p2: KoYYL|move: Stealth Rock
|
|-heal|p1a: Landorus|100/100|[from] item: Leftovers
|upkeep
|turn|2
|c|☆IzTortle|Cool, j'suis pas seule mdr
|
|t:|1639038231
|move|p1a: Landorus|U-turn|p2a: ToxCbon
|-resisted|p2a: ToxCbon
|-damage|p2a: ToxCbon|96/100
|-damage|p1a: Landorus|84/100|[from] item: Rocky Helmet|[of] p2a: ToxCbon
|
|t:|1639038235
|switch|p1a: Kyurem|Kyurem|100/100|[from]move: U-turn
|-ability|p1a: Kyurem|Pressure
|move|p2a: ToxCbon|Toxic Spikes|p1a: Kyurem
|-sidestart|p1: IzTortle|move: Toxic Spikes
|
|upkeep
|turn|3
|c|☆KoYYL|t'as quel âge?
|
|t:|1639038251
|switch|p2a: Eat-trans|Heatran, F|100/100
|-damage|p2a: Eat-trans|88/100|[from] Stealth Rock
|move|p1a: Kyurem|Earth Power|p2a: Eat-trans
|-supereffective|p2a: Eat-trans
|-damage|p2a: Eat-trans|0 fnt
|faint|p2a: Eat-trans
|
|upkeep
|
|t:|1639038258
|switch|p2a: Shiny & Chrome|Scizor, M, shiny|100/100
|-damage|p2a: Shiny & Chrome|88/100|[from] Stealth Rock
|turn|4
|c|☆IzTortle|J'vais sur mes 21 pk?
|
|t:|1639038278
|switch|p1a: Heatran|Heatran, F|100/100
|detailschange|p2a: Shiny & Chrome|Scizor-Mega, M, shiny
|-mega|p2a: Shiny & Chrome|Scizor|Scizorite
|move|p2a: Shiny & Chrome|Bullet Punch|p1a: Heatran
|-resisted|p1a: Heatran
|-damage|p1a: Heatran|94/100
|
|-heal|p1a: Heatran|99/100|[from] item: Leftovers
|upkeep
|turn|5
|c|☆KoYYL|je demande a tout le monde  pour faire une stat sur l'age
|inactive|Battle timer is ON: inactive players will automatically lose when time's up. (requested by IzTortle)
|c|☆IzTortle|Ah ok
|c|☆KoYYL|et a part moi t la personne la plus âgée mdrr
|inactive|KoYYL has 120 seconds left.
|
|t:|1639038351
|switch|p2a: Lando-Russe|Landorus-Therian, M|100/100
|-damage|p2a: Lando-Russe|88/100|[from] Stealth Rock
|-ability|p2a: Lando-Russe|Intimidate|boost
|-unboost|p1a: Heatran|atk|1
|move|p1a: Heatran|Lava Plume|p2a: Lando-Russe
|-damage|p2a: Lando-Russe|45/100
|
|-heal|p1a: Heatran|100/100|[from] item: Leftovers
|upkeep
|turn|6
|
|t:|1639038372
|switch|p1a: Landorus|Landorus-Therian, M|84/100
|-ability|p1a: Landorus|Intimidate|boost
|-unboost|p2a: Lando-Russe|atk|1
|move|p2a: Lando-Russe|U-turn|p1a: Landorus
|-resisted|p1a: Landorus
|-damage|p1a: Landorus|78/100
|
|t:|1639038382
|switch|p2a: Glaglagon|Kyurem|100/100|[from]move: U-turn
|-damage|p2a: Glaglagon|76/100|[from] Stealth Rock
|-ability|p2a: Glaglagon|Pressure
|
|-heal|p1a: Landorus|84/100|[from] item: Leftovers
|upkeep
|turn|7
|
|t:|1639038394
|switch|p1a: Slowbro|Slowbro, M|100/100
|-status|p1a: Slowbro|psn
|move|p2a: Glaglagon|Draco Meteor|p1a: Slowbro
|-crit|p1a: Slowbro
|-damage|p1a: Slowbro|0 fnt
|-unboost|p2a: Glaglagon|spa|2
|faint|p1a: Slowbro
|
|upkeep
|c|☆IzTortle|Ouille
|
|t:|1639038411
|switch|p1a: Lopunny|Lopunny, M|100/100
|-status|p1a: Lopunny|psn
|turn|8
|c|☆KoYYL|le critère a joué tu penses?
|
|t:|1639038425
|switch|p2a: ToxCbon|Toxapex, M|100/100
|-damage|p2a: ToxCbon|88/100|[from] Stealth Rock
|detailschange|p1a: Lopunny|Lopunny-Mega, M
|-mega|p1a: Lopunny|Lopunny|Lopunnite
|move|p1a: Lopunny|Close Combat|p2a: ToxCbon
|-resisted|p2a: ToxCbon
|-crit|p2a: ToxCbon
|-damage|p2a: ToxCbon|56/100
|-unboost|p1a: Lopunny|def|1
|-unboost|p1a: Lopunny|spd|1
|-damage|p1a: Lopunny|84/100 psn|[from] item: Rocky Helmet|[of] p2a: ToxCbon
|
|-damage|p1a: Lopunny|72/100 psn|[from] psn
|upkeep
|turn|9
|
|t:|1639038437
|switch|p1a: Landorus|Landorus-Therian, M|84/100
|-ability|p1a: Landorus|Intimidate|boost
|-unboost|p2a: ToxCbon|atk|1
|move|p2a: ToxCbon|Toxic Spikes|p1a: Landorus
|-sidestart|p1: IzTortle|move: Toxic Spikes
|
|-heal|p1a: Landorus|90/100|[from] item: Leftovers
|upkeep
|turn|10
|
|t:|1639038450
|switch|p2a: Lando-Russe|Landorus-Therian, M|45/100
|-damage|p2a: Lando-Russe|32/100|[from] Stealth Rock
|-ability|p2a: Lando-Russe|Intimidate|boost
|-unboost|p1a: Landorus|atk|1
|move|p1a: Landorus|Defog|p2a: Lando-Russe
|-unboost|p2a: Lando-Russe|evasion|1
|-sideend|p2: KoYYL|Stealth Rock|[from] move: Defog|[of] p1a: Landorus
|-sideend|p1: IzTortle|Toxic Spikes|[from] move: Defog|[of] p1a: Landorus
|
|-heal|p1a: Landorus|96/100|[from] item: Leftovers
|upkeep
|turn|11
|
|t:|1639038461
|move|p2a: Lando-Russe|Stone Edge|p1a: Landorus|[miss]
|-miss|p2a: Lando-Russe|p1a: Landorus
|move|p1a: Landorus|Stealth Rock|p2a: Lando-Russe
|-sidestart|p2: KoYYL|move: Stealth Rock
|
|-heal|p1a: Landorus|100/100|[from] item: Leftovers
|upkeep
|turn|12
|
|t:|1639038467
|move|p2a: Lando-Russe|Stone Edge|p1a: Landorus
|-damage|p1a: Landorus|74/100
|move|p1a: Landorus|U-turn|p2a: Lando-Russe
|-resisted|p2a: Lando-Russe
|-damage|p2a: Lando-Russe|23/100
|
|t:|1639038471
|switch|p1a: Kartana|Kartana|100/100|[from]move: U-turn
|
|upkeep
|turn|13
|
|t:|1639038482
|move|p1a: Kartana|Knock Off|p2a: Lando-Russe
|-damage|p2a: Lando-Russe|0 fnt
|-enditem|p2a: Lando-Russe|Choice Scarf|[from] move: Knock Off|[of] p1a: Kartana
|faint|p2a: Lando-Russe
|-ability|p1a: Kartana|Beast Boost|boost
|-boost|p1a: Kartana|atk|1
|
|upkeep
|
|t:|1639038503
|switch|p2a: ToxCbon|Toxapex, M|90/100
|-damage|p2a: ToxCbon|77/100|[from] Stealth Rock
|turn|14
|
|t:|1639038512
|move|p1a: Kartana|Knock Off|p2a: ToxCbon
|-damage|p2a: ToxCbon|38/100
|-damage|p1a: Kartana|84/100|[from] item: Rocky Helmet|[of] p2a: ToxCbon
|-enditem|p2a: ToxCbon|Rocky Helmet|[from] move: Knock Off|[of] p1a: Kartana
|move|p2a: ToxCbon|Haze|p2a: ToxCbon
|-clearallboost
|
|upkeep
|turn|15
|
|t:|1639038529
|switch|p1a: Kyurem|Kyurem|100/100
|-ability|p1a: Kyurem|Pressure
|move|p2a: ToxCbon|Recover|p2a: ToxCbon
|-heal|p2a: ToxCbon|88/100
|
|upkeep
|turn|16
|
|t:|1639038538
|switch|p2a: Shiny & Chrome|Scizor-Mega, M, shiny|88/100
|-damage|p2a: Shiny & Chrome|76/100|[from] Stealth Rock
|move|p1a: Kyurem|Freeze-Dry|p2a: Shiny & Chrome
|-resisted|p2a: Shiny & Chrome
|-damage|p2a: Shiny & Chrome|55/100
|
|upkeep
|turn|17
|
|t:|1639038549
|switch|p1a: Landorus|Landorus-Therian, M|74/100
|-ability|p1a: Landorus|Intimidate|boost
|-unboost|p2a: Shiny & Chrome|atk|1
|move|p2a: Shiny & Chrome|Defog|p1a: Landorus
|-unboost|p1a: Landorus|evasion|1
|-sideend|p2: KoYYL|Stealth Rock|[from] move: Defog|[of] p2a: Shiny & Chrome
|
|-heal|p1a: Landorus|80/100|[from] item: Leftovers
|upkeep
|turn|18
|
|t:|1639038560
|move|p1a: Landorus|Earthquake|p2a: Shiny & Chrome
|-damage|p2a: Shiny & Chrome|23/100
|move|p2a: Shiny & Chrome|Roost|p2a: Shiny & Chrome
|-heal|p2a: Shiny & Chrome|73/100
|-singleturn|p2a: Shiny & Chrome|move: Roost
|
|-heal|p1a: Landorus|86/100|[from] item: Leftovers
|upkeep
|turn|19
|
|t:|1639038569
|move|p1a: Landorus|Earthquake|p2a: Shiny & Chrome
|-damage|p2a: Shiny & Chrome|36/100
|move|p2a: Shiny & Chrome|Roost|p2a: Shiny & Chrome
|-heal|p2a: Shiny & Chrome|86/100
|-singleturn|p2a: Shiny & Chrome|move: Roost
|
|-heal|p1a: Landorus|92/100|[from] item: Leftovers
|upkeep
|turn|20
|
|t:|1639038577
|move|p1a: Landorus|Earthquake|p2a: Shiny & Chrome
|-damage|p2a: Shiny & Chrome|52/100
|move|p2a: Shiny & Chrome|Roost|p2a: Shiny & Chrome
|-heal|p2a: Shiny & Chrome|100/100
|-singleturn|p2a: Shiny & Chrome|move: Roost
|
|-heal|p1a: Landorus|98/100|[from] item: Leftovers
|upkeep
|turn|21
|
|t:|1639038588
|move|p1a: Landorus|Earthquake|p2a: Shiny & Chrome
|-damage|p2a: Shiny & Chrome|66/100
|move|p2a: Shiny & Chrome|U-turn|p1a: Landorus
|-resisted|p1a: Landorus
|-damage|p1a: Landorus|90/100
|
|t:|1639038594
|switch|p2a: Glaglagon|Kyurem|76/100|[from]move: U-turn
|-ability|p2a: Glaglagon|Pressure
|
|-heal|p1a: Landorus|96/100|[from] item: Leftovers
|upkeep
|turn|22
|
|t:|1639038612
|move|p2a: Glaglagon|Ice Beam|p1a: Landorus
|-supereffective|p1a: Landorus
|-damage|p1a: Landorus|0 fnt
|faint|p1a: Landorus
|
|upkeep
|
|t:|1639038616
|switch|p1a: Kartana|Kartana|84/100
|turn|23
|
|t:|1639038636
|switch|p2a: ToxCbon|Toxapex, M|100/100
|move|p1a: Kartana|Sacred Sword|p2a: ToxCbon
|-resisted|p2a: ToxCbon
|-damage|p2a: ToxCbon|89/100
|
|upkeep
|turn|24
|
|t:|1639038646
|switch|p1a: Heatran|Heatran, F|100/100
|move|p2a: ToxCbon|Toxic Spikes|p1a: Heatran
|-sidestart|p1: IzTortle|move: Toxic Spikes
|
|upkeep
|turn|25
|
|t:|1639038662
|move|p1a: Heatran|Taunt|p2a: ToxCbon
|-start|p2a: ToxCbon|move: Taunt
|cant|p2a: ToxCbon|move: Taunt|Toxic Spikes
|
|upkeep
|turn|26
|
|t:|1639038679
|switch|p2a: Shiny & Chrome|Scizor-Mega, M, shiny|66/100
|move|p1a: Heatran|Toxic|p2a: Shiny & Chrome
|-immune|p2a: Shiny & Chrome
|
|upkeep
|turn|27
|
|t:|1639038698
|switch|p2a: ToxCbon|Toxapex, M|100/100
|move|p1a: Heatran|Lava Plume|p2a: ToxCbon
|-resisted|p2a: ToxCbon
|-damage|p2a: ToxCbon|86/100
|
|upkeep
|turn|28
|
|t:|1639038706
|move|p1a: Heatran|Taunt|p2a: ToxCbon
|-start|p2a: ToxCbon|move: Taunt
|cant|p2a: ToxCbon|move: Taunt|Toxic Spikes
|
|upkeep
|turn|29
|
|t:|1639038718
|move|p1a: Heatran|Earth Power|p2a: ToxCbon
|-supereffective|p2a: ToxCbon
|-damage|p2a: ToxCbon|46/100
|move|p2a: ToxCbon|Knock Off|p1a: Heatran
|-damage|p1a: Heatran|88/100
|-enditem|p1a: Heatran|Leftovers|[from] move: Knock Off|[of] p2a: ToxCbon
|
|upkeep
|turn|30
|
|t:|1639038733
|switch|p2a: Psycho-Rigide|Hoopa-Unbound|100/100
|move|p1a: Heatran|Lava Plume|p2a: Psycho-Rigide
|-damage|p2a: Psycho-Rigide|71/100
|-status|p2a: Psycho-Rigide|brn
|
|-damage|p2a: Psycho-Rigide|65/100 brn|[from] brn
|upkeep
|turn|31
|c|☆IzTortle|Le burn qui fait plaisir
|
|t:|1639038753
|switch|p1a: Lopunny|Lopunny-Mega, M|72/100 psn
|move|p2a: Psycho-Rigide|Drain Punch|p1a: Lopunny
|-supereffective|p1a: Lopunny
|-damage|p1a: Lopunny|6/100 psn
|-heal|p2a: Psycho-Rigide|94/100 brn|[from] drain|[of] p1a: Lopunny
|
|-damage|p1a: Lopunny|0 fnt|[from] psn
|faint|p1a: Lopunny
|-damage|p2a: Psycho-Rigide|88/100 brn|[from] brn
|upkeep
|c|☆KoYYL|ca depend a qui mdrr
|
|t:|1639038763
|switch|p1a: Kartana|Kartana|84/100
|turn|32
|c|☆KoYYL|OH
|c|☆IzTortle|Quoi?
|inactive|IzTortle has 120 seconds left.
|c|☆KoYYL|je pensais vraiment pas tuer
|c|☆IzTortle|C'est hoopa U
|c|☆IzTortle|Ca tappe fort ce truc
|c|☆KoYYL|je sais mais la burn
|
|t:|1639038810
|move|p1a: Kartana|Knock Off|p2a: Psycho-Rigide
|-damage|p2a: Psycho-Rigide|13/100 brn
|-enditem|p2a: Psycho-Rigide|Choice Band|[from] move: Knock Off|[of] p1a: Kartana
|move|p2a: Psycho-Rigide|Drain Punch|p1a: Kartana
|-supereffective|p1a: Kartana
|-damage|p1a: Kartana|49/100
|-heal|p2a: Psycho-Rigide|28/100 brn|[from] drain|[of] p1a: Kartana
|-item|p2a: Psycho-Rigide|Choice Scarf|[from] ability: Magician|[of] p1a: Kartana
|
|-damage|p2a: Psycho-Rigide|22/100 brn|[from] brn
|upkeep
|turn|33
|inactive|IzTortle has 90 seconds left.
|
|t:|1639038832
|move|p2a: Psycho-Rigide|Hyperspace Fury|p1a: Kartana
|-damage|p1a: Kartana|16/100
|-unboost|p2a: Psycho-Rigide|def|1
|move|p1a: Kartana|Knock Off|p2a: Psycho-Rigide
|-damage|p2a: Psycho-Rigide|0 fnt
|-enditem|p2a: Psycho-Rigide|Choice Scarf|[from] move: Knock Off|[of] p1a: Kartana
|faint|p2a: Psycho-Rigide
|-ability|p1a: Kartana|Beast Boost|boost
|-boost|p1a: Kartana|atk|1
|
|upkeep
|inactive|KoYYL has 120 seconds left.
|
|t:|1639038860
|switch|p2a: Shiny & Chrome|Scizor-Mega, M, shiny|66/100
|turn|34
|
|t:|1639038868
|switch|p1a: Heatran|Heatran, F|88/100
|move|p2a: Shiny & Chrome|Bullet Punch|p1a: Heatran
|-resisted|p1a: Heatran
|-damage|p1a: Heatran|83/100
|
|upkeep
|turn|35
|inactive|KoYYL has 120 seconds left.
|c|☆KoYYL|je te fais tellement rien
|c|☆KoYYL|c fou
|
|t:|1639038884
|switch|p2a: ToxCbon|Toxapex, M|79/100
|move|p1a: Heatran|Lava Plume|p2a: ToxCbon
|-resisted|p2a: ToxCbon
|-damage|p2a: ToxCbon|65/100
|
|upkeep
|turn|36
|c|☆IzTortle|Double resistance
|inactive|KoYYL has 120 seconds left.
|
|t:|1639038892
|switch|p2a: Glaglagon|Kyurem|76/100
|-ability|p2a: Glaglagon|Pressure
|move|p1a: Heatran|Taunt|p2a: Glaglagon
|-start|p2a: Glaglagon|move: Taunt
|
|upkeep
|turn|37
|c|☆IzTortle|Merde la y'a un kill
|
|t:|1639038915
|switch|p1a: Kyurem|Kyurem|100/100
|-status|p1a: Kyurem|psn
|-ability|p1a: Kyurem|Pressure
|move|p2a: Glaglagon|Earth Power|p1a: Kyurem
|-damage|p1a: Kyurem|57/100 psn
|
|-damage|p1a: Kyurem|45/100 psn|[from] psn
|upkeep
|turn|38
|c|☆KoYYL|nop
|inactive|KoYYL has 120 seconds left.
|c|☆KoYYL|voila pourquoi
|
|t:|1639038933
|switch|p2a: Shiny & Chrome|Scizor-Mega, M, shiny|66/100
|move|p1a: Kyurem|Earth Power|p2a: Shiny & Chrome
|-damage|p2a: Shiny & Chrome|35/100
|
|-damage|p1a: Kyurem|32/100 psn|[from] psn
|upkeep
|turn|39
|
|t:|1639038948
|switch|p1a: Heatran|Heatran, F|83/100
|move|p2a: Shiny & Chrome|Bullet Punch|p1a: Heatran
|-resisted|p1a: Heatran
|-damage|p1a: Heatran|76/100
|
|upkeep
|turn|40
|
|t:|1639038959
|switch|p2a: ToxCbon|Toxapex, M|98/100
|move|p1a: Heatran|Lava Plume|p2a: ToxCbon
|-resisted|p2a: ToxCbon
|-damage|p2a: ToxCbon|84/100
|
|upkeep
|turn|41
|
|t:|1639038965
|move|p1a: Heatran|Earth Power|p2a: ToxCbon
|-supereffective|p2a: ToxCbon
|-damage|p2a: ToxCbon|45/100
|move|p2a: ToxCbon|Toxic Spikes|p1a: Heatran
|-sidestart|p1: IzTortle|move: Toxic Spikes
|
|upkeep
|turn|42
|
|t:|1639038976
|move|p1a: Heatran|Lava Plume|p2a: ToxCbon
|-resisted|p2a: ToxCbon
|-damage|p2a: ToxCbon|29/100
|-status|p2a: ToxCbon|brn
|move|p2a: ToxCbon|Recover|p2a: ToxCbon
|-heal|p2a: ToxCbon|79/100 brn
|
|-damage|p2a: ToxCbon|73/100 brn|[from] brn
|upkeep
|turn|43
|
|t:|1639038990
|move|p1a: Heatran|Earth Power|p2a: ToxCbon
|-supereffective|p2a: ToxCbon
|-damage|p2a: ToxCbon|32/100 brn
|move|p2a: ToxCbon|Knock Off|p1a: Heatran
|-damage|p1a: Heatran|72/100
|
|-damage|p2a: ToxCbon|26/100 brn|[from] brn
|upkeep
|turn|44
|
|t:|1639038998
|switch|p2a: Glaglagon|Kyurem|76/100
|-ability|p2a: Glaglagon|Pressure
|move|p1a: Heatran|Lava Plume|p2a: Glaglagon
|-damage|p2a: Glaglagon|42/100
|-status|p2a: Glaglagon|brn
|
|-damage|p2a: Glaglagon|36/100 brn|[from] brn
|upkeep
|turn|45
|
|t:|1639039010
|switch|p1a: Kyurem|Kyurem|32/100 psn
|-ability|p1a: Kyurem|Pressure
|move|p2a: Glaglagon|Earth Power|p1a: Kyurem
|-damage|p1a: Kyurem|0 fnt
|faint|p1a: Kyurem
|
|-damage|p2a: Glaglagon|30/100 brn|[from] brn
|upkeep
|
|t:|1639039022
|switch|p1a: Kartana|Kartana|16/100
|turn|46
|
|t:|1639039036
|switch|p2a: ToxCbon|Toxapex, M|59/100 brn
|move|p1a: Kartana|Knock Off|p2a: ToxCbon
|-damage|p2a: ToxCbon|42/100 brn
|
|-damage|p2a: ToxCbon|36/100 brn|[from] brn
|upkeep
|turn|47
|
|t:|1639039046
|switch|p1a: Heatran|Heatran, F|72/100
|move|p2a: ToxCbon|Recover|p2a: ToxCbon
|-heal|p2a: ToxCbon|86/100 brn
|
|-damage|p2a: ToxCbon|79/100 brn|[from] brn
|upkeep
|turn|48
|
|t:|1639039058
|move|p1a: Heatran|Earth Power|p2a: ToxCbon
|-supereffective|p2a: ToxCbon
|-damage|p2a: ToxCbon|36/100 brn
|move|p2a: ToxCbon|Recover|p2a: ToxCbon
|-heal|p2a: ToxCbon|86/100 brn
|
|-damage|p2a: ToxCbon|80/100 brn|[from] brn
|upkeep
|turn|49
|c|☆IzTortle|Le heatran qui fait tout
|
|t:|1639039072
|move|p1a: Heatran|Earth Power|p2a: ToxCbon
|-supereffective|p2a: ToxCbon
|-damage|p2a: ToxCbon|36/100 brn
|move|p2a: ToxCbon|Knock Off|p1a: Heatran
|-damage|p1a: Heatran|68/100
|
|-damage|p2a: ToxCbon|30/100 brn|[from] brn
|upkeep
|turn|50
|
|t:|1639039083
|move|p1a: Heatran|Earth Power|p2a: ToxCbon
|-supereffective|p2a: ToxCbon
|-damage|p2a: ToxCbon|0 fnt
|faint|p2a: ToxCbon
|
|upkeep
|c|☆KoYYL|de ouf tran mvp
|
|t:|1639039101
|switch|p2a: Glaglagon|Kyurem|30/100 brn
|-ability|p2a: Glaglagon|Pressure
|turn|51
|
|t:|1639039113
|move|p2a: Glaglagon|Earth Power|p1a: Heatran
|-supereffective|p1a: Heatran
|-damage|p1a: Heatran|0 fnt
|faint|p1a: Heatran
|
|-damage|p2a: Glaglagon|24/100 brn|[from] brn
|upkeep
|
|t:|1639039120
|switch|p1a: Kartana|Kartana|16/100
|turn|52
|
|t:|1639039124
|move|p1a: Kartana|Sacred Sword|p2a: Glaglagon
|-supereffective|p2a: Glaglagon
|-damage|p2a: Glaglagon|0 fnt
|faint|p2a: Glaglagon
|-ability|p1a: Kartana|Beast Boost|boost
|-boost|p1a: Kartana|atk|1
|
|upkeep
|c|☆KoYYL|bon je pense que tu win
|
|t:|1639039138
|switch|p2a: Shiny & Chrome|Scizor-Mega, M, shiny|35/100
|turn|53
|c|☆IzTortle|A voir
|
|t:|1639039144
|move|p2a: Shiny & Chrome|Bullet Punch|p1a: Kartana
|-resisted|p1a: Kartana
|-damage|p1a: Kartana|1/100
|move|p1a: Kartana|Sacred Sword|p2a: Shiny & Chrome
|-damage|p2a: Shiny & Chrome|0 fnt
|faint|p2a: Shiny & Chrome
|
|win|IzTortle
|raw|IzTortle's rating: 1369 &rarr; <strong>1390</strong><br />(+21 for winning)
|raw|KoYYL's rating: 1395 &rarr; <strong>1374</strong><br />(-21 for losing)
|c|☆KoYYL|NOOOON le 1%
|c|☆IzTortle|A 1% mdr
|c|☆IzTortle|Gg
|c|☆KoYYL|gg putain
|c|☆KoYYL|super match
