|j|☆ScarpeRengard
|j|☆xczzxc
|t:|1639042866
|gametype|singles
|player|p1|ScarpeRengard|norman|
|player|p2|xczzxc|266|
|teamsize|p1|6
|teamsize|p2|6
|gen|8
|tier|[Gen 8] National Dex
|rule|HP Percentage Mod: HP is shown in percentages
|rule|Endless Battle Clause: Forcing endless battles is banned
|rule|OHKO Clause: OHKO moves are banned
|rule|Evasion Moves Clause: Evasion moves are banned
|rule|Species Clause: Limit one of each Pokémon
|rule|Dynamax Clause: You cannot dynamax
|rule|Sleep Clause Mod: Limit one foe put to sleep
|clearpoke
|poke|p1|Charizard, F|
|poke|p1|Greninja, M|
|poke|p1|Kartana|
|poke|p1|Blacephalon|
|poke|p1|Torkoal, M|
|poke|p1|Bisharp, F|
|poke|p2|Serperior, M|
|poke|p2|Gliscor, F|
|poke|p2|Slowbro, F|
|poke|p2|Xurkitree|
|poke|p2|Victini|
|poke|p2|Clefable, F|
|teampreview
|inactive|Battle timer is ON: inactive players will automatically lose when time's up. (requested by ScarpeRengard)
|
|t:|1639042877
|start
|switch|p1a: Blackbelt|Kartana|100/100
|switch|p2a: Victini|Victini|100/100
|turn|1
|
|t:|1639042893
|move|p1a: Blackbelt|Knock Off|p2a: Victini
|-supereffective|p2a: Victini
|-damage|p2a: Victini|18/100
|-enditem|p2a: Victini|Choice Scarf|[from] move: Knock Off|[of] p1a: Blackbelt
|move|p2a: Victini|V-create|p1a: Blackbelt
|-supereffective|p1a: Blackbelt
|-crit|p1a: Blackbelt
|-damage|p1a: Blackbelt|0 fnt
|-unboost|p2a: Victini|spe|1
|-unboost|p2a: Victini|def|1
|-unboost|p2a: Victini|spd|1
|faint|p1a: Blackbelt
|
|upkeep
|
|t:|1639042902
|switch|p1a: Shuriken|Greninja, M|100/100
|turn|2
|
|t:|1639042905
|move|p1a: Shuriken|Water Shuriken|p2a: Victini
|-supereffective|p2a: Victini
|-damage|p2a: Victini|0 fnt
|faint|p2a: Victini
|-activate|p1a: Shuriken|ability: Battle Bond
|detailschange|p1a: Shuriken|Greninja-Ash, M
|-hitcount|p2: Victini|1
|-damage|p1a: Shuriken|91/100|[from] item: Life Orb
|
|upkeep
|
|t:|1639042910
|switch|p2a: Clefable|Clefable, F|100/100
|turn|3
|inactive|ScarpeRengard has 270 seconds left.
|
|t:|1639042942
|switch|p1a: Bisharp|Bisharp, F|100/100
|move|p2a: Clefable|Moonblast|p1a: Bisharp
|-damage|p1a: Bisharp|50/100
|
|upkeep
|turn|4
|inactive|ScarpeRengard has 270 seconds left.
|
|t:|1639042953
|switch|p2a: Gliscor|Gliscor, F|100/100
|move|p1a: Bisharp|Knock Off|p2a: Gliscor
|-damage|p2a: Gliscor|62/100
|-enditem|p2a: Gliscor|Toxic Orb|[from] move: Knock Off|[of] p1a: Bisharp
|
|upkeep
|turn|5
|inactive|ScarpeRengard has 270 seconds left.
|
|t:|1639042967
|move|p1a: Bisharp|Sucker Punch|p2a: Gliscor
|-damage|p2a: Gliscor|32/100
|move|p2a: Gliscor|Earthquake|p1a: Bisharp
|-supereffective|p1a: Bisharp
|-damage|p1a: Bisharp|0 fnt
|faint|p1a: Bisharp
|
|upkeep
|inactive|ScarpeRengard has 270 seconds left.
|
|t:|1639042979
|switch|p1a: Archangel|Charizard, F|100/100
|turn|6
|
|t:|1639042983
|detailschange|p1a: Archangel|Charizard-Mega-X, F
|-mega|p1a: Archangel|Charizard|Charizardite X
|move|p1a: Archangel|Flame Charge|p2a: Gliscor
|-damage|p2a: Gliscor|5/100
|-boost|p1a: Archangel|spe|1
|move|p2a: Gliscor|Earthquake|p1a: Archangel
|-supereffective|p1a: Archangel
|-damage|p1a: Archangel|33/100
|
|upkeep
|turn|7
|
|t:|1639042987
|move|p2a: Gliscor|Protect|p2a: Gliscor
|-singleturn|p2a: Gliscor|Protect
|move|p1a: Archangel|Roost|p1a: Archangel
|-heal|p1a: Archangel|83/100
|-singleturn|p1a: Archangel|move: Roost
|
|upkeep
|turn|8
|
|t:|1639042990
|move|p1a: Archangel|Flame Charge|p2a: Gliscor
|-damage|p2a: Gliscor|0 fnt
|-boost|p1a: Archangel|spe|1
|faint|p2a: Gliscor
|
|upkeep
|
|t:|1639042995
|switch|p2a: Clefable|Clefable, F|100/100
|turn|9
|
|t:|1639043008
|switch|p1a: Torkoal|Torkoal, M|100/100
|-weather|SunnyDay|[from] ability: Drought|[of] p1a: Torkoal
|move|p2a: Clefable|Encore||[still]
|-fail|p2a: Clefable
|
|-weather|SunnyDay|[upkeep]
|upkeep
|turn|10
|
|t:|1639043011
|move|p2a: Clefable|Moonblast|p1a: Torkoal
|-resisted|p1a: Torkoal
|-damage|p1a: Torkoal|74/100
|move|p1a: Torkoal|Toxic|p2a: Clefable
|-status|p2a: Clefable|tox
|
|-weather|SunnyDay|[upkeep]
|-damage|p2a: Clefable|94/100 tox|[from] psn
|upkeep
|turn|11
|
|t:|1639043015
|move|p2a: Clefable|Encore|p1a: Torkoal
|-start|p1a: Torkoal|Encore
|move|p1a: Torkoal|Toxic|p2a: Clefable
|-fail|p2a: Clefable|tox
|
|-weather|SunnyDay|[upkeep]
|-heal|p2a: Clefable|100/100 tox|[from] item: Leftovers
|-damage|p2a: Clefable|88/100 tox|[from] psn
|upkeep
|turn|12
|
|t:|1639043027
|switch|p1a: Blanker|Blacephalon, shiny|100/100
|move|p2a: Clefable|Moonblast|p1a: Blanker
|-resisted|p1a: Blanker
|-crit|p1a: Blanker
|-damage|p1a: Blanker|60/100
|
|-weather|SunnyDay|[upkeep]
|-heal|p2a: Clefable|94/100 tox|[from] item: Leftovers
|-damage|p2a: Clefable|76/100 tox|[from] psn
|upkeep
|turn|13
|
|t:|1639043031
|move|p1a: Blanker|Mystical Fire|p2a: Clefable
|-damage|p2a: Clefable|20/100 tox
|-unboost|p2a: Clefable|spa|1
|move|p2a: Clefable|Moonblast|p1a: Blanker
|-resisted|p1a: Blanker
|-damage|p1a: Blanker|44/100
|
|-weather|SunnyDay|[upkeep]
|-heal|p2a: Clefable|26/100 tox|[from] item: Leftovers
|-damage|p2a: Clefable|2/100 tox|[from] psn
|upkeep
|turn|14
|
|t:|1639043036
|move|p1a: Blanker|Mystical Fire|p2a: Clefable
|-damage|p2a: Clefable|0 fnt
|faint|p2a: Clefable
|-ability|p1a: Blanker|Beast Boost|boost
|-boost|p1a: Blanker|spa|1
|
|-weather|SunnyDay|[upkeep]
|upkeep
|
|t:|1639043039
|switch|p2a: Slowbro|Slowbro, F|100/100
|turn|15
|
|t:|1639043042
|move|p1a: Blanker|Mystical Fire|p2a: Slowbro
|-resisted|p2a: Slowbro
|-damage|p2a: Slowbro|41/100
|-unboost|p2a: Slowbro|spa|1
|move|p2a: Slowbro|Future Sight|p1a: Blanker
|-start|p2a: Slowbro|move: Future Sight
|
|-weather|SunnyDay|[upkeep]
|upkeep
|turn|16
|
|t:|1639043045
|move|p1a: Blanker|Mystical Fire|p2a: Slowbro
|-resisted|p2a: Slowbro
|-damage|p2a: Slowbro|0 fnt
|faint|p2a: Slowbro
|-ability|p1a: Blanker|Beast Boost|boost
|-boost|p1a: Blanker|spa|1
|
|-weather|none
|upkeep
|
|t:|1639043047
|switch|p2a: Serperior|Serperior, M|100/100
|turn|17
|
|t:|1639043050
|move|p1a: Blanker|Mystical Fire|p2a: Serperior
|-supereffective|p2a: Serperior
|-damage|p2a: Serperior|0 fnt
|faint|p2a: Serperior
|-ability|p1a: Blanker|Beast Boost|boost
|-boost|p1a: Blanker|spa|1
|
|-end|p1a: Blanker|move: Future Sight
|-damage|p1a: Blanker|0 fnt
|faint|p1a: Blanker
|upkeep
|
|t:|1639043053
|switch|p2a: Xurkitree|Xurkitree|100/100
|switch|p1a: Shuriken|Greninja-Ash, M|91/100
|turn|18
|
|t:|1639043062
|move|p1a: Shuriken|Hydro Pump|p2a: Xurkitree|[miss]
|-miss|p1a: Shuriken|p2a: Xurkitree
|-zpower|p2a: Xurkitree
|move|p2a: Xurkitree|Z-Hypnosis|p1a: Shuriken|[anim]Hypnosis|[miss]
|-boost|p2a: Xurkitree|spe|1|[zeffect]
|-miss|p2a: Xurkitree|p1a: Shuriken
|
|upkeep
|turn|19
|
|t:|1639043078
|move|p1a: Shuriken|Water Shuriken|p2a: Xurkitree
|-damage|p2a: Xurkitree|79/100
|-damage|p2a: Xurkitree|57/100
|-damage|p2a: Xurkitree|33/100
|-hitcount|p2a: Xurkitree|3
|-damage|p1a: Shuriken|81/100|[from] item: Life Orb
|move|p2a: Xurkitree|Thunderbolt|p1a: Shuriken
|-supereffective|p1a: Shuriken
|-damage|p1a: Shuriken|0 fnt
|faint|p1a: Shuriken
|-ability|p2a: Xurkitree|Beast Boost|boost
|-boost|p2a: Xurkitree|spa|1
|
|upkeep
|
|t:|1639043081
|switch|p1a: Torkoal|Torkoal, M|74/100
|-weather|SunnyDay|[from] ability: Drought|[of] p1a: Torkoal
|turn|20
|
|t:|1639043086
|move|p2a: Xurkitree|Tail Glow|p2a: Xurkitree
|-boost|p2a: Xurkitree|spa|3
|move|p1a: Torkoal|Body Press|p2a: Xurkitree
|-damage|p2a: Xurkitree|0 fnt
|faint|p2a: Xurkitree
|
|win|ScarpeRengard
|l|☆xczzxc
