|j|☆Xavilo
|j|☆Funny-guy78
|t:|1639034530
|gametype|singles
|player|p1|Xavilo|101|1074
|player|p2|Funny-guy78|brawly|1100
|teamsize|p1|6
|teamsize|p2|6
|gen|8
|tier|[Gen 8] National Dex
|rated|
|rule|HP Percentage Mod: HP is shown in percentages
|rule|Endless Battle Clause: Forcing endless battles is banned
|rule|OHKO Clause: OHKO moves are banned
|rule|Evasion Moves Clause: Evasion moves are banned
|rule|Species Clause: Limit one of each Pokémon
|rule|Dynamax Clause: You cannot dynamax
|rule|Sleep Clause Mod: Limit one foe put to sleep
|clearpoke
|poke|p1|Gliscor, M|
|poke|p1|Charizard, F|
|poke|p1|Pikachu-Hoenn, M|
|poke|p1|Espeon, F|
|poke|p1|Metagross|
|poke|p1|Infernape, M|
|poke|p2|Volcarona, F|
|poke|p2|Breloom, M|
|poke|p2|Gliscor, F|
|poke|p2|Cloyster, F|
|poke|p2|Rillaboom, M|
|poke|p2|Victini|
|teampreview
|inactive|Battle timer is ON: inactive players will automatically lose when time's up. (requested by Funny-guy78)
|
|t:|1639034539
|start
|switch|p1a: Waffle|Metagross|100/100
|switch|p2a: Cloyster|Cloyster, F, shiny|100/100
|turn|1
|
|t:|1639034548
|switch|p2a: Breloom|Breloom, M, shiny|100/100
|move|p1a: Waffle|Stealth Rock|p2a: Breloom
|-sidestart|p2: Funny-guy78|move: Stealth Rock
|
|upkeep
|turn|2
|
|t:|1639034555
|move|p2a: Breloom|Spore|p1a: Waffle
|-status|p1a: Waffle|slp|[from] move: Spore
|cant|p1a: Waffle|slp
|
|upkeep
|turn|3
|
|t:|1639034565
|move|p2a: Breloom|Bullet Seed|p1a: Waffle
|-resisted|p1a: Waffle
|-damage|p1a: Waffle|93/100 slp
|-resisted|p1a: Waffle
|-damage|p1a: Waffle|85/100 slp
|-hitcount|p1a: Waffle|2
|-curestatus|p1a: Waffle|slp|[msg]
|move|p1a: Waffle|Toxic|p2a: Breloom
|-status|p2a: Breloom|tox
|
|-heal|p1a: Waffle|91/100|[from] item: Leftovers
|-damage|p2a: Breloom|94/100 tox|[from] psn
|upkeep
|turn|4
|
|t:|1639034576
|move|p2a: Breloom|Thunder Punch|p1a: Waffle
|-damage|p1a: Waffle|72/100
|move|p1a: Waffle|Ice Punch|p2a: Breloom
|-supereffective|p2a: Breloom
|-damage|p2a: Breloom|19/100 tox
|
|-heal|p1a: Waffle|78/100|[from] item: Leftovers
|-damage|p2a: Breloom|6/100 tox|[from] psn
|upkeep
|turn|5
|
|t:|1639034586
|move|p2a: Breloom|Spore|p1a: Waffle
|-status|p1a: Waffle|slp|[from] move: Spore
|cant|p1a: Waffle|slp
|
|-heal|p1a: Waffle|84/100 slp|[from] item: Leftovers
|-damage|p2a: Breloom|0 fnt|[from] psn
|faint|p2a: Breloom
|upkeep
|
|t:|1639034594
|switch|p2a: Gliscor|Gliscor, F, shiny|100/100
|-damage|p2a: Gliscor|88/100|[from] Stealth Rock
|turn|6
|
|t:|1639034604
|move|p2a: Gliscor|Substitute|p2a: Gliscor
|-start|p2a: Gliscor|Substitute
|-damage|p2a: Gliscor|63/100
|cant|p1a: Waffle|slp
|
|-heal|p1a: Waffle|90/100 slp|[from] item: Leftovers
|-status|p2a: Gliscor|tox|[from] item: Toxic Orb
|upkeep
|turn|7
|
|t:|1639034615
|move|p2a: Gliscor|Swords Dance|p2a: Gliscor
|-boost|p2a: Gliscor|atk|2
|-curestatus|p1a: Waffle|slp|[msg]
|move|p1a: Waffle|Psychic|p2a: Gliscor
|-end|p2a: Gliscor|Substitute
|
|-heal|p1a: Waffle|96/100|[from] item: Leftovers
|-heal|p2a: Gliscor|76/100 tox|[from] ability: Poison Heal
|upkeep
|turn|8
|
|t:|1639034624
|move|p2a: Gliscor|Earthquake|p1a: Waffle
|-supereffective|p1a: Waffle
|-damage|p1a: Waffle|0 fnt
|faint|p1a: Waffle
|
|-heal|p2a: Gliscor|88/100 tox|[from] ability: Poison Heal
|upkeep
|
|t:|1639034649
|switch|p1a: Tohru|Charizard, F|100/100
|turn|9
|
|t:|1639034654
|move|p2a: Gliscor|Return|p1a: Tohru
|-damage|p1a: Tohru|30/100
|move|p1a: Tohru|Brick Break|p2a: Gliscor
|-resisted|p2a: Gliscor
|-damage|p2a: Gliscor|80/100 tox
|
|-heal|p2a: Gliscor|92/100 tox|[from] ability: Poison Heal
|upkeep
|turn|10
|
|t:|1639034663
|move|p2a: Gliscor|Swords Dance|p2a: Gliscor
|-boost|p2a: Gliscor|atk|2
|move|p1a: Tohru|Flamethrower|p2a: Gliscor
|-damage|p2a: Gliscor|6/100 tox
|
|-heal|p2a: Gliscor|19/100 tox|[from] ability: Poison Heal
|upkeep
|turn|11
|
|t:|1639034674
|move|p2a: Gliscor|Return|p1a: Tohru
|-damage|p1a: Tohru|0 fnt
|faint|p1a: Tohru
|
|-heal|p2a: Gliscor|31/100 tox|[from] ability: Poison Heal
|upkeep
|
|t:|1639034681
|switch|p1a: Monkoid|Infernape, M|100/100
|turn|12
|
|t:|1639034693
|move|p2a: Gliscor|Earthquake|p1a: Monkoid
|-supereffective|p1a: Monkoid
|-enditem|p1a: Monkoid|Focus Sash
|-damage|p1a: Monkoid|1/100
|move|p1a: Monkoid|Close Combat|p2a: Gliscor
|-resisted|p2a: Gliscor
|-damage|p2a: Gliscor|8/100 tox
|-unboost|p1a: Monkoid|def|1
|-unboost|p1a: Monkoid|spd|1
|
|-heal|p2a: Gliscor|21/100 tox|[from] ability: Poison Heal
|upkeep
|turn|13
|
|t:|1639034705
|move|p2a: Gliscor|Return|p1a: Monkoid
|-damage|p1a: Monkoid|0 fnt
|faint|p1a: Monkoid
|
|-heal|p2a: Gliscor|33/100 tox|[from] ability: Poison Heal
|upkeep
|
|t:|1639034719
|switch|p1a: Pino|Pikachu-Hoenn, M|100/100
|turn|14
|
|t:|1639034731
|switch|p1a: Mino|Gliscor, M|100/100
|move|p2a: Gliscor|Earthquake|p1a: Mino
|-immune|p1a: Mino
|
|-heal|p2a: Gliscor|46/100 tox|[from] ability: Poison Heal
|-status|p1a: Mino|tox|[from] item: Toxic Orb
|upkeep
|turn|15
|
|t:|1639034740
|move|p2a: Gliscor|Return|p1a: Mino
|-damage|p1a: Mino|39/100 tox
|move|p1a: Mino|Facade|p2a: Gliscor
|-damage|p2a: Gliscor|14/100 tox
|
|-heal|p2a: Gliscor|26/100 tox|[from] ability: Poison Heal
|-heal|p1a: Mino|51/100 tox|[from] ability: Poison Heal
|upkeep
|turn|16
|
|t:|1639034749
|move|p1a: Mino|Protect|p1a: Mino
|-singleturn|p1a: Mino|Protect
|move|p2a: Gliscor|Return|p1a: Mino
|-activate|p1a: Mino|move: Protect
|
|-heal|p2a: Gliscor|39/100 tox|[from] ability: Poison Heal
|-heal|p1a: Mino|64/100 tox|[from] ability: Poison Heal
|upkeep
|turn|17
|
|t:|1639034758
|move|p2a: Gliscor|Return|p1a: Mino
|-damage|p1a: Mino|1/100 tox
|move|p1a: Mino|Roost|p1a: Mino
|-heal|p1a: Mino|51/100 tox
|-singleturn|p1a: Mino|move: Roost
|
|-heal|p2a: Gliscor|51/100 tox|[from] ability: Poison Heal
|-heal|p1a: Mino|63/100 tox|[from] ability: Poison Heal
|upkeep
|turn|18
|
|t:|1639034769
|move|p2a: Gliscor|Swords Dance|p2a: Gliscor
|-boost|p2a: Gliscor|atk|2
|move|p1a: Mino|Facade|p2a: Gliscor
|-damage|p2a: Gliscor|19/100 tox
|
|-heal|p2a: Gliscor|31/100 tox|[from] ability: Poison Heal
|-heal|p1a: Mino|75/100 tox|[from] ability: Poison Heal
|upkeep
|turn|19
|
|t:|1639034780
|move|p1a: Mino|Protect|p1a: Mino
|-singleturn|p1a: Mino|Protect
|move|p2a: Gliscor|Return|p1a: Mino
|-activate|p1a: Mino|move: Protect
|
|-heal|p2a: Gliscor|43/100 tox|[from] ability: Poison Heal
|-heal|p1a: Mino|88/100 tox|[from] ability: Poison Heal
|upkeep
|turn|20
|
|t:|1639034789
|move|p2a: Gliscor|Return|p1a: Mino
|-damage|p1a: Mino|4/100 tox
|move|p1a: Mino|Facade|p2a: Gliscor
|-damage|p2a: Gliscor|11/100 tox
|
|-heal|p2a: Gliscor|23/100 tox|[from] ability: Poison Heal
|-heal|p1a: Mino|16/100 tox|[from] ability: Poison Heal
|upkeep
|turn|21
|
|t:|1639034802
|move|p2a: Gliscor|Return|p1a: Mino
|-damage|p1a: Mino|0 fnt
|faint|p1a: Mino
|
|-heal|p2a: Gliscor|36/100 tox|[from] ability: Poison Heal
|upkeep
|
|t:|1639034812
|switch|p1a: Pino|Pikachu-Hoenn, M|100/100
|turn|22
|
|t:|1639034830
|move|p2a: Gliscor|Earthquake|p1a: Pino
|-supereffective|p1a: Pino
|-damage|p1a: Pino|0 fnt
|faint|p1a: Pino
|
|-heal|p2a: Gliscor|48/100 tox|[from] ability: Poison Heal
|upkeep
|
|t:|1639034836
|switch|p1a: Polytwo|Espeon, F|100/100
|turn|23
|
|t:|1639034842
|move|p2a: Gliscor|Return|p1a: Polytwo
|-damage|p1a: Polytwo|0 fnt
|faint|p1a: Polytwo
|
|win|Funny-guy78
|raw|Xavilo's rating: 1074 &rarr; <strong>1054</strong><br />(-20 for losing)
|raw|Funny-guy78's rating: 1100 &rarr; <strong>1123</strong><br />(+23 for winning)
|c|☆Funny-guy78|gg
