|j|☆Zachfcole
|j|☆XxeduardoxX46
|t:|1639032208
|gametype|singles
|player|p1|Zachfcole|265|1101
|player|p2|XxeduardoxX46|ash-kalos|1157
|teamsize|p1|6
|teamsize|p2|6
|gen|8
|tier|[Gen 8] National Dex
|rated|
|rule|HP Percentage Mod: HP is shown in percentages
|rule|Endless Battle Clause: Forcing endless battles is banned
|rule|OHKO Clause: OHKO moves are banned
|rule|Evasion Moves Clause: Evasion moves are banned
|rule|Species Clause: Limit one of each Pokémon
|rule|Dynamax Clause: You cannot dynamax
|rule|Sleep Clause Mod: Limit one foe put to sleep
|clearpoke
|poke|p1|Luxray, F|
|poke|p1|Ferrothorn, F|
|poke|p1|Greninja, F|
|poke|p1|Tapu Lele|
|poke|p1|Camerupt, M|
|poke|p1|Kyurem|
|poke|p2|Lopunny, F|
|poke|p2|Shedinja|
|poke|p2|Mandibuzz, F|
|poke|p2|Minior-Green|
|poke|p2|Stunfisk, F|
|poke|p2|Hitmontop, M|
|teampreview
|
|t:|1639032214
|start
|switch|p1a: Ferrothorn|Ferrothorn, F|100/100
|switch|p2a: Stunfisk|Stunfisk, F|100/100
|turn|1
|
|t:|1639032224
|move|p2a: Stunfisk|Stealth Rock|p1a: Ferrothorn
|-sidestart|p1: Zachfcole|move: Stealth Rock
|move|p1a: Ferrothorn|Spikes|p2a: Stunfisk
|-sidestart|p2: XxeduardoxX46|Spikes
|
|upkeep
|turn|2
|
|t:|1639032229
|switch|p2a: Hitmontop|Hitmontop, M|100/100
|-damage|p2a: Hitmontop|88/100|[from] Spikes
|move|p1a: Ferrothorn|Spikes|p2a: Hitmontop
|-sidestart|p2: XxeduardoxX46|Spikes
|
|upkeep
|turn|3
|
|t:|1639032238
|move|p2a: Hitmontop|Rapid Spin|p1a: Ferrothorn
|-resisted|p1a: Ferrothorn
|-damage|p1a: Ferrothorn|94/100
|-boost|p2a: Hitmontop|spe|1
|-damage|p2a: Hitmontop|76/100|[from] ability: Iron Barbs|[of] p1a: Ferrothorn
|-sideend|p2: XxeduardoxX46|Spikes|[from] move: Rapid Spin|[of] p2a: Hitmontop
|move|p1a: Ferrothorn|Toxic|p2a: Hitmontop
|-status|p2a: Hitmontop|tox
|
|-heal|p1a: Ferrothorn|100/100|[from] item: Leftovers
|-damage|p2a: Hitmontop|70/100 tox|[from] psn
|upkeep
|turn|4
|
|t:|1639032254
|switch|p1a: Tapu Lele|Tapu Lele|100/100
|-damage|p1a: Tapu Lele|88/100|[from] Stealth Rock
|-fieldstart|move: Psychic Terrain|[from] ability: Psychic Surge|[of] p1a: Tapu Lele
|move|p2a: Hitmontop|Mach Punch|p1a: Tapu Lele
|-activate|p1a: Tapu Lele|move: Psychic Terrain
|
|-damage|p2a: Hitmontop|58/100 tox|[from] psn
|upkeep
|turn|5
|
|t:|1639032265
|move|p2a: Hitmontop|Triple Axel|p1a: Tapu Lele
|-damage|p1a: Tapu Lele|74/100
|-damage|p1a: Tapu Lele|46/100
|-damage|p1a: Tapu Lele|0 fnt
|faint|p1a: Tapu Lele
|-hitcount|p1: Tapu Lele|3
|
|-damage|p2a: Hitmontop|40/100 tox|[from] psn
|upkeep
|inactive|Battle timer is ON: inactive players will automatically lose when time's up. (requested by Zachfcole)
|
|t:|1639032279
|switch|p1a: Greninja|Greninja, F|100/100
|-damage|p1a: Greninja|88/100|[from] Stealth Rock
|turn|6
|
|t:|1639032293
|switch|p2a: Mandibuzz|Mandibuzz, F|100/100
|move|p1a: Greninja|Gunk Shot|p2a: Mandibuzz
|-start|p1a: Greninja|typechange|Poison|[from] ability: Protean
|-damage|p2a: Mandibuzz|71/100
|
|upkeep
|turn|7
|
|t:|1639032309
|move|p1a: Greninja|Low Kick|p2a: Mandibuzz
|-start|p1a: Greninja|typechange|Fighting|[from] ability: Protean
|-damage|p2a: Mandibuzz|56/100
|move|p2a: Mandibuzz|Knock Off|p1a: Greninja
|-resisted|p1a: Greninja
|-crit|p1a: Greninja
|-damage|p1a: Greninja|56/100
|-enditem|p1a: Greninja|Expert Belt|[from] move: Knock Off|[of] p2a: Mandibuzz
|
|upkeep
|turn|8
|
|t:|1639032321
|move|p1a: Greninja|Dark Pulse|p2a: Mandibuzz
|-start|p1a: Greninja|typechange|Dark|[from] ability: Protean
|-resisted|p2a: Mandibuzz
|-damage|p2a: Mandibuzz|45/100
|move|p2a: Mandibuzz|Foul Play|p1a: Greninja
|-resisted|p1a: Greninja
|-damage|p1a: Greninja|25/100
|
|-fieldend|move: Psychic Terrain
|upkeep
|turn|9
|
|t:|1639032331
|switch|p1a: Luxray|Luxray, F|100/100
|-damage|p1a: Luxray|88/100|[from] Stealth Rock
|move|p2a: Mandibuzz|Roost|p2a: Mandibuzz
|-heal|p2a: Mandibuzz|95/100
|-singleturn|p2a: Mandibuzz|move: Roost
|
|-heal|p1a: Luxray|94/100|[from] item: Leftovers
|upkeep
|turn|10
|
|t:|1639032340
|switch|p2a: Stunfisk|Stunfisk, F|100/100
|move|p1a: Luxray|Wild Charge|p2a: Stunfisk
|-immune|p2a: Stunfisk
|
|-heal|p1a: Luxray|99/100|[from] item: Leftovers
|upkeep
|turn|11
|
|t:|1639032354
|move|p1a: Luxray|Ice Fang|p2a: Stunfisk
|-supereffective|p2a: Stunfisk
|-damage|p2a: Stunfisk|57/100
|move|p2a: Stunfisk|Earth Power|p1a: Luxray
|-supereffective|p1a: Luxray
|-damage|p1a: Luxray|41/100
|
|-heal|p1a: Luxray|47/100|[from] item: Leftovers
|-heal|p2a: Stunfisk|64/100|[from] item: Leftovers
|upkeep
|turn|12
|
|t:|1639032363
|switch|p1a: Camerupt|Camerupt, M|100/100
|-damage|p1a: Camerupt|88/100|[from] Stealth Rock
|move|p2a: Stunfisk|Earth Power|p1a: Camerupt
|-supereffective|p1a: Camerupt
|-damage|p1a: Camerupt|13/100
|
|-heal|p2a: Stunfisk|70/100|[from] item: Leftovers
|upkeep
|turn|13
|
|t:|1639032374
|detailschange|p1a: Camerupt|Camerupt-Mega, M
|-mega|p1a: Camerupt|Camerupt|Cameruptite
|move|p1a: Camerupt|Earthquake|p2a: Stunfisk
|-supereffective|p2a: Stunfisk
|-damage|p2a: Stunfisk|10/100
|move|p2a: Stunfisk|Earth Power|p1a: Camerupt
|-supereffective|p1a: Camerupt
|-damage|p1a: Camerupt|0 fnt
|faint|p1a: Camerupt
|
|-heal|p2a: Stunfisk|16/100|[from] item: Leftovers
|upkeep
|
|t:|1639032383
|switch|p1a: Greninja|Greninja, F|25/100
|-damage|p1a: Greninja|13/100|[from] Stealth Rock
|turn|14
|
|t:|1639032389
|move|p1a: Greninja|Water Shuriken|p2a: Stunfisk
|-start|p1a: Greninja|typechange|Water|[from] ability: Protean
|-supereffective|p2a: Stunfisk
|-damage|p2a: Stunfisk|7/100
|-supereffective|p2a: Stunfisk
|-damage|p2a: Stunfisk|0 fnt
|faint|p2a: Stunfisk
|-hitcount|p2: Stunfisk|2
|
|upkeep
|
|t:|1639032392
|switch|p2a: Hitmontop|Hitmontop, M|40/100 tox
|turn|15
|
|t:|1639032400
|move|p1a: Greninja|Water Shuriken|p2a: Hitmontop
|-damage|p2a: Hitmontop|35/100 tox
|-damage|p2a: Hitmontop|29/100 tox
|-damage|p2a: Hitmontop|23/100 tox
|-damage|p2a: Hitmontop|17/100 tox
|-hitcount|p2a: Hitmontop|4
|move|p2a: Hitmontop|Mach Punch|p1a: Greninja
|-damage|p1a: Greninja|0 fnt
|faint|p1a: Greninja
|
|-damage|p2a: Hitmontop|11/100 tox|[from] psn
|upkeep
|
|t:|1639032418
|switch|p1a: Luxray|Luxray, F|47/100
|-damage|p1a: Luxray|35/100|[from] Stealth Rock
|turn|16
|
|t:|1639032427
|move|p2a: Hitmontop|Mach Punch|p1a: Luxray
|-damage|p1a: Luxray|0 fnt
|faint|p1a: Luxray
|
|-damage|p2a: Hitmontop|0 fnt|[from] psn
|faint|p2a: Hitmontop
|upkeep
|
|t:|1639032434
|switch|p2a: Shedinja|Shedinja|100/100
|switch|p1a: Ferrothorn|Ferrothorn, F|100/100
|-damage|p1a: Ferrothorn|94/100|[from] Stealth Rock
|turn|17
|
|t:|1639032444
|switch|p2a: Lopunny|Lopunny, F|100/100
|move|p1a: Ferrothorn|Spikes|p2a: Lopunny
|-sidestart|p2: XxeduardoxX46|Spikes
|
|-heal|p1a: Ferrothorn|100/100|[from] item: Leftovers
|upkeep
|turn|18
|
|t:|1639032453
|detailschange|p2a: Lopunny|Lopunny-Mega, F
|-mega|p2a: Lopunny|Lopunny|Lopunnite
|move|p2a: Lopunny|High Jump Kick|p1a: Ferrothorn
|-supereffective|p1a: Ferrothorn
|-damage|p1a: Ferrothorn|19/100
|-damage|p2a: Lopunny|88/100|[from] ability: Iron Barbs|[of] p1a: Ferrothorn
|move|p1a: Ferrothorn|Power Whip|p2a: Lopunny
|-damage|p2a: Lopunny|32/100
|
|-heal|p1a: Ferrothorn|25/100|[from] item: Leftovers
|upkeep
|turn|19
|
|t:|1639032464
|move|p2a: Lopunny|High Jump Kick|p1a: Ferrothorn
|-supereffective|p1a: Ferrothorn
|-damage|p1a: Ferrothorn|0 fnt
|-damage|p2a: Lopunny|20/100|[from] ability: Iron Barbs|[of] p1a: Ferrothorn
|faint|p1a: Ferrothorn
|
|upkeep
|
|t:|1639032467
|switch|p1a: Kyurem|Kyurem|100/100
|-damage|p1a: Kyurem|75/100|[from] Stealth Rock
|-ability|p1a: Kyurem|Pressure
|turn|20
|
|t:|1639032470
|move|p2a: Lopunny|U-turn|p1a: Kyurem
|-damage|p1a: Kyurem|46/100
|
|t:|1639032472
|switch|p2a: Shedinja|Shedinja|100/100|[from]move: U-turn
|move|p1a: Kyurem|Dragon Dance|p1a: Kyurem
|-boost|p1a: Kyurem|atk|1
|-boost|p1a: Kyurem|spe|1
|
|-heal|p1a: Kyurem|52/100|[from] item: Leftovers
|upkeep
|turn|21
|
|t:|1639032479
|move|p1a: Kyurem|Icicle Spear|p2a: Shedinja
|-immune|p2a: Shedinja|[from] ability: Wonder Guard
|move|p2a: Shedinja|Swords Dance|p2a: Shedinja
|-boost|p2a: Shedinja|atk|2
|
|-heal|p1a: Kyurem|58/100|[from] item: Leftovers
|upkeep
|turn|22
|
|t:|1639032492
|move|p1a: Kyurem|Icicle Spear|p2a: Shedinja
|-immune|p2a: Shedinja|[from] ability: Wonder Guard
|move|p2a: Shedinja|Swords Dance|p2a: Shedinja
|-boost|p2a: Shedinja|atk|2
|
|-heal|p1a: Kyurem|64/100|[from] item: Leftovers
|upkeep
|turn|23
|
|t:|1639032495
|move|p1a: Kyurem|Outrage|p2a: Shedinja
|-immune|p2a: Shedinja|[from] ability: Wonder Guard
|move|p2a: Shedinja|Swords Dance|p2a: Shedinja
|-boost|p2a: Shedinja|atk|2
|
|-heal|p1a: Kyurem|70/100|[from] item: Leftovers
|upkeep
|turn|24
|
|t:|1639032500
|move|p1a: Kyurem|Signal Beam|p2a: Shedinja
|-immune|p2a: Shedinja|[from] ability: Wonder Guard
|move|p2a: Shedinja|Agility|p2a: Shedinja
|-boost|p2a: Shedinja|spe|2
|
|-heal|p1a: Kyurem|77/100|[from] item: Leftovers
|upkeep
|turn|25
|
|t:|1639032505
|move|p1a: Kyurem|Dragon Dance|p1a: Kyurem
|-boost|p1a: Kyurem|atk|1
|-boost|p1a: Kyurem|spe|1
|move|p2a: Shedinja|Agility|p2a: Shedinja
|-boost|p2a: Shedinja|spe|2
|
|-heal|p1a: Kyurem|83/100|[from] item: Leftovers
|upkeep
|turn|26
|
|t:|1639032507
|move|p2a: Shedinja|Agility|p2a: Shedinja
|-boost|p2a: Shedinja|spe|2
|move|p1a: Kyurem|Dragon Dance|p1a: Kyurem
|-boost|p1a: Kyurem|atk|1
|-boost|p1a: Kyurem|spe|1
|
|-heal|p1a: Kyurem|89/100|[from] item: Leftovers
|upkeep
|turn|27
|
|t:|1639032514
|move|p2a: Shedinja|Shadow Claw|p1a: Kyurem
|-damage|p1a: Kyurem|0 fnt
|faint|p1a: Kyurem
|
|win|XxeduardoxX46
|raw|Zachfcole's rating: 1101 &rarr; <strong>1080</strong><br />(-21 for losing)
|raw|XxeduardoxX46's rating: 1157 &rarr; <strong>1178</strong><br />(+21 for winning)
|l|☆Zachfcole
