|j|☆Whevel 2
|j|☆XxeduardoxX46
|t:|1639031645
|gametype|singles
|player|p1|Whevel 2|benga|1162
|player|p2|XxeduardoxX46|ash-kalos|1111
|teamsize|p1|6
|teamsize|p2|6
|gen|8
|tier|[Gen 8] National Dex
|rated|
|rule|HP Percentage Mod: HP is shown in percentages
|rule|Endless Battle Clause: Forcing endless battles is banned
|rule|OHKO Clause: OHKO moves are banned
|rule|Evasion Moves Clause: Evasion moves are banned
|rule|Species Clause: Limit one of each Pokémon
|rule|Dynamax Clause: You cannot dynamax
|rule|Sleep Clause Mod: Limit one foe put to sleep
|clearpoke
|poke|p1|Weavile, M|
|poke|p1|Gardevoir, F|
|poke|p1|Infernape, M|
|poke|p1|Magnezone|
|poke|p1|Krookodile, M|
|poke|p1|Manaphy|
|poke|p2|Lopunny, F|
|poke|p2|Shedinja|
|poke|p2|Mandibuzz, F|
|poke|p2|Minior-Green|
|poke|p2|Stunfisk, M|
|poke|p2|Hitmontop, M|
|teampreview
|
|t:|1639031658
|start
|switch|p1a: Manaphy|Manaphy|100/100
|switch|p2a: Stunfisk|Stunfisk, M|100/100
|turn|1
|
|t:|1639031669
|move|p1a: Manaphy|Tail Glow|p1a: Manaphy
|-boost|p1a: Manaphy|spa|3
|move|p2a: Stunfisk|Stealth Rock|p1a: Manaphy
|-sidestart|p1: Whevel 2|move: Stealth Rock
|
|upkeep
|turn|2
|
|t:|1639031682
|switch|p2a: Shedinja|Shedinja|100/100
|move|p1a: Manaphy|Tail Glow|p1a: Manaphy
|-boost|p1a: Manaphy|spa|3
|
|upkeep
|turn|3
|
|t:|1639031694
|move|p1a: Manaphy|Ice Beam|p2a: Shedinja
|-immune|p2a: Shedinja|[from] ability: Wonder Guard
|move|p2a: Shedinja|Swords Dance|p2a: Shedinja
|-boost|p2a: Shedinja|atk|2
|
|upkeep
|turn|4
|
|t:|1639031708
|switch|p1a: Infernape|Infernape, M, shiny|100/100
|-damage|p1a: Infernape|88/100|[from] Stealth Rock
|move|p2a: Shedinja|Agility|p2a: Shedinja
|-boost|p2a: Shedinja|spe|2
|
|upkeep
|turn|5
|
|t:|1639031722
|move|p2a: Shedinja|Shadow Claw|p1a: Infernape
|-damage|p1a: Infernape|0 fnt
|faint|p1a: Infernape
|
|upkeep
|
|t:|1639031727
|switch|p1a: Weavile|Weavile, M, shiny|100/100
|-damage|p1a: Weavile|76/100|[from] Stealth Rock
|-ability|p1a: Weavile|Pressure
|turn|6
|
|t:|1639031736
|move|p2a: Shedinja|Shadow Claw|p1a: Weavile
|-resisted|p1a: Weavile
|-damage|p1a: Weavile|26/100
|move|p1a: Weavile|Triple Axel|p2a: Shedinja
|-immune|p2a: Shedinja|[from] ability: Wonder Guard
|
|upkeep
|turn|7
|
|t:|1639031747
|move|p2a: Shedinja|Shadow Claw|p1a: Weavile
|-resisted|p1a: Weavile
|-damage|p1a: Weavile|0 fnt
|faint|p1a: Weavile
|
|upkeep
|
|t:|1639031759
|switch|p1a: Krookodile|Krookodile, M, shiny|100/100
|-damage|p1a: Krookodile|94/100|[from] Stealth Rock
|turn|8
|
|t:|1639031767
|move|p2a: Shedinja|Shadow Claw|p1a: Krookodile
|-resisted|p1a: Krookodile
|-crit|p1a: Krookodile
|-damage|p1a: Krookodile|44/100
|move|p1a: Krookodile|Knock Off|p2a: Shedinja
|-supereffective|p2a: Shedinja
|-damage|p2a: Shedinja|0 fnt
|-enditem|p2a: Shedinja|Heavy-Duty Boots|[from] move: Knock Off|[of] p1a: Krookodile
|faint|p2a: Shedinja
|-ability|p1a: Krookodile|Moxie|boost
|-boost|p1a: Krookodile|atk|1
|
|upkeep
|
|t:|1639031779
|switch|p2a: Lopunny|Lopunny, F|100/100
|turn|9
|
|t:|1639031786
|detailschange|p2a: Lopunny|Lopunny-Mega, F
|-mega|p2a: Lopunny|Lopunny|Lopunnite
|move|p2a: Lopunny|Fake Out|p1a: Krookodile
|-damage|p1a: Krookodile|16/100
|cant|p1a: Krookodile|flinch
|
|upkeep
|turn|10
|
|t:|1639031797
|move|p2a: Lopunny|Power-Up Punch|p1a: Krookodile
|-supereffective|p1a: Krookodile
|-damage|p1a: Krookodile|0 fnt
|-boost|p2a: Lopunny|atk|1
|faint|p1a: Krookodile
|
|upkeep
|
|t:|1639031803
|switch|p1a: Gardevoir|Gardevoir, F, shiny|100/100
|-damage|p1a: Gardevoir|88/100|[from] Stealth Rock
|-ability|p1a: Gardevoir|Scrappy|[from] ability: Trace|[of] p2a: Lopunny
|turn|11
|
|t:|1639031816
|detailschange|p1a: Gardevoir|Gardevoir-Mega, F, shiny
|-mega|p1a: Gardevoir|Gardevoir|Gardevoirite
|move|p2a: Lopunny|U-turn|p1a: Gardevoir
|-damage|p1a: Gardevoir|21/100
|
|t:|1639031820
|switch|p2a: Stunfisk|Stunfisk, M|100/100|[from]move: U-turn
|move|p1a: Gardevoir|Moonblast|p2a: Stunfisk
|-damage|p2a: Stunfisk|56/100
|
|-heal|p2a: Stunfisk|63/100|[from] item: Leftovers
|upkeep
|turn|12
|
|t:|1639031838
|move|p1a: Gardevoir|Calm Mind|p1a: Gardevoir
|-boost|p1a: Gardevoir|spa|1
|-boost|p1a: Gardevoir|spd|1
|move|p2a: Stunfisk|Discharge|p1a: Gardevoir
|-damage|p1a: Gardevoir|5/100
|-status|p1a: Gardevoir|par
|
|-heal|p2a: Stunfisk|69/100|[from] item: Leftovers
|upkeep
|turn|13
|
|t:|1639031849
|move|p1a: Gardevoir|Psychic|p2a: Stunfisk
|-damage|p2a: Stunfisk|14/100
|move|p2a: Stunfisk|Toxic|p1a: Gardevoir|[miss]
|-miss|p2a: Stunfisk|p1a: Gardevoir
|
|-heal|p2a: Stunfisk|20/100|[from] item: Leftovers
|upkeep
|turn|14
|
|t:|1639031862
|switch|p2a: Mandibuzz|Mandibuzz, F|100/100
|move|p1a: Gardevoir|Moonblast|p2a: Mandibuzz
|-supereffective|p2a: Mandibuzz
|-damage|p2a: Mandibuzz|0 fnt
|faint|p2a: Mandibuzz
|
|upkeep
|
|t:|1639031870
|switch|p2a: Lopunny|Lopunny-Mega, F|100/100
|turn|15
|
|t:|1639031874
|move|p2a: Lopunny|Power-Up Punch|p1a: Gardevoir
|-resisted|p1a: Gardevoir
|-damage|p1a: Gardevoir|0 fnt
|-boost|p2a: Lopunny|atk|1
|faint|p1a: Gardevoir
|
|upkeep
|
|t:|1639031882
|switch|p1a: Manaphy|Manaphy|100/100
|-damage|p1a: Manaphy|88/100|[from] Stealth Rock
|turn|16
|
|t:|1639031889
|move|p2a: Lopunny|High Jump Kick|p1a: Manaphy
|-damage|p1a: Manaphy|0 fnt
|faint|p1a: Manaphy
|
|upkeep
|
|t:|1639031893
|switch|p1a: Magnezone|Magnezone, shiny|100/100
|-damage|p1a: Magnezone|94/100|[from] Stealth Rock
|turn|17
|
|t:|1639031901
|move|p2a: Lopunny|High Jump Kick|p1a: Magnezone
|-supereffective|p1a: Magnezone
|-damage|p1a: Magnezone|0 fnt
|faint|p1a: Magnezone
|
|win|XxeduardoxX46
|raw|Whevel 2's rating: 1162 &rarr; <strong>1133</strong><br />(-29 for losing)
|raw|XxeduardoxX46's rating: 1111 &rarr; <strong>1140</strong><br />(+29 for winning)
