|j|☆Levimcmeekin
|j|☆7koala
|t:|1639041087
|gametype|singles
|player|p1|Levimcmeekin|1|1088
|player|p2|7koala|twins-gen4dp|1014
|teamsize|p1|6
|teamsize|p2|6
|gen|8
|tier|[Gen 8] National Dex
|rated|
|rule|HP Percentage Mod: HP is shown in percentages
|rule|Endless Battle Clause: Forcing endless battles is banned
|rule|OHKO Clause: OHKO moves are banned
|rule|Evasion Moves Clause: Evasion moves are banned
|rule|Species Clause: Limit one of each Pokémon
|rule|Dynamax Clause: You cannot dynamax
|rule|Sleep Clause Mod: Limit one foe put to sleep
|clearpoke
|poke|p1|Raticate, F|
|poke|p1|Gumshoos, M|
|poke|p1|Morpeko, M|
|poke|p1|Grumpig, F|
|poke|p1|Gloom, F|
|poke|p1|Walrein, F|
|poke|p2|Diancie|
|poke|p2|Vileplume, M|
|poke|p2|Malamar, M|
|poke|p2|Chandelure, M|
|poke|p2|Uxie|
|poke|p2|Xatu, F|
|teampreview
|
|t:|1639041094
|start
|switch|p1a: Walrein|Walrein, F|100/100
|switch|p2a: Uxie|Uxie|100/100
|turn|1
|
|t:|1639041103
|move|p2a: Uxie|Light Screen|p2a: Uxie
|-sidestart|p2: 7koala|move: Light Screen
|move|p1a: Walrein|Curse|p1a: Walrein
|-unboost|p1a: Walrein|spe|1
|-boost|p1a: Walrein|atk|1
|-boost|p1a: Walrein|def|1
|
|upkeep
|turn|2
|
|t:|1639041111
|move|p2a: Uxie|Stealth Rock|p1a: Walrein
|-sidestart|p1: Levimcmeekin|move: Stealth Rock
|move|p1a: Walrein|Hail|p1a: Walrein
|-weather|Hail
|
|-weather|Hail|[upkeep]
|-damage|p2a: Uxie|94/100|[from] Hail
|upkeep
|turn|3
|
|t:|1639041119
|move|p2a: Uxie|Reflect|p2a: Uxie
|-sidestart|p2: 7koala|Reflect
|move|p1a: Walrein|Aqua Ring|p1a: Walrein
|-start|p1a: Walrein|Aqua Ring
|
|-weather|Hail|[upkeep]
|-damage|p2a: Uxie|88/100|[from] Hail
|upkeep
|turn|4
|
|t:|1639041127
|move|p2a: Uxie|Knock Off|p1a: Walrein
|-damage|p1a: Walrein|91/100
|-enditem|p1a: Walrein|Leftovers|[from] move: Knock Off|[of] p2a: Uxie
|move|p1a: Walrein|Curse|p1a: Walrein
|-unboost|p1a: Walrein|spe|1
|-boost|p1a: Walrein|atk|1
|-boost|p1a: Walrein|def|1
|
|-weather|Hail|[upkeep]
|-damage|p2a: Uxie|82/100|[from] Hail
|-heal|p1a: Walrein|97/100|[from] ability: Ice Body
|-heal|p1a: Walrein|100/100|[from] Aqua Ring
|upkeep
|turn|5
|
|t:|1639041144
|switch|p2a: Diancie|Diancie, shiny|100/100
|move|p1a: Walrein|Curse|p1a: Walrein
|-unboost|p1a: Walrein|spe|1
|-boost|p1a: Walrein|atk|1
|-boost|p1a: Walrein|def|1
|
|-weather|Hail|[upkeep]
|-damage|p2a: Diancie|94/100|[from] Hail
|-sideend|p2: 7koala|move: Light Screen
|upkeep
|turn|6
|
|t:|1639041160
|detailschange|p2a: Diancie|Diancie-Mega, shiny
|-mega|p2a: Diancie|Diancie|Diancite
|move|p2a: Diancie|Diamond Storm|p1a: Walrein
|-supereffective|p1a: Walrein
|-damage|p1a: Walrein|68/100
|-boost|p2a: Diancie|def|2
|move|p1a: Walrein|Curse|p1a: Walrein
|-unboost|p1a: Walrein|spe|1
|-boost|p1a: Walrein|atk|1
|-boost|p1a: Walrein|def|1
|
|-weather|none
|-heal|p1a: Walrein|74/100|[from] Aqua Ring
|upkeep
|turn|7
|
|t:|1639041176
|move|p2a: Diancie|Diamond Storm|p1a: Walrein
|-supereffective|p1a: Walrein
|-damage|p1a: Walrein|42/100
|move|p1a: Walrein|Hail|p1a: Walrein
|-weather|Hail
|
|-weather|Hail|[upkeep]
|-damage|p2a: Diancie|88/100|[from] Hail
|-heal|p1a: Walrein|48/100|[from] ability: Ice Body
|-heal|p1a: Walrein|54/100|[from] Aqua Ring
|-sideend|p2: 7koala|Reflect
|upkeep
|turn|8
|
|t:|1639041187
|move|p2a: Diancie|Diamond Storm|p1a: Walrein
|-supereffective|p1a: Walrein
|-damage|p1a: Walrein|25/100
|-boost|p2a: Diancie|def|2
|move|p1a: Walrein|Heavy Slam|p2a: Diancie
|-supereffective|p2a: Diancie
|-damage|p2a: Diancie|0 fnt
|faint|p2a: Diancie
|
|-weather|Hail|[upkeep]
|-heal|p1a: Walrein|31/100|[from] ability: Ice Body
|-heal|p1a: Walrein|37/100|[from] Aqua Ring
|upkeep
|
|t:|1639041201
|switch|p2a: Vileplume|Vileplume, M|100/100
|turn|9
|
|t:|1639041204
|move|p2a: Vileplume|Giga Drain|p1a: Walrein
|-supereffective|p1a: Walrein
|-damage|p1a: Walrein|0 fnt
|faint|p1a: Walrein
|
|-weather|Hail|[upkeep]
|-damage|p2a: Vileplume|94/100|[from] Hail
|-heal|p2a: Vileplume|100/100|[from] item: Black Sludge
|upkeep
|
|t:|1639041224
|switch|p1a: Gumshoos|Gumshoos, M|100/100
|-damage|p1a: Gumshoos|88/100|[from] Stealth Rock
|turn|10
|
|t:|1639041237
|move|p2a: Vileplume|Sludge Bomb|p1a: Gumshoos
|-damage|p1a: Gumshoos|42/100
|move|p1a: Gumshoos|Ice Punch|p2a: Vileplume
|-supereffective|p2a: Vileplume
|-damage|p2a: Vileplume|39/100
|
|-weather|Hail|[upkeep]
|-damage|p2a: Vileplume|33/100|[from] Hail
|-damage|p1a: Gumshoos|35/100|[from] Hail
|-heal|p2a: Vileplume|39/100|[from] item: Black Sludge
|upkeep
|turn|11
|
|t:|1639041247
|move|p2a: Vileplume|Strength Sap|p1a: Gumshoos
|-unboost|p1a: Gumshoos|atk|1
|-heal|p2a: Vileplume|100/100
|move|p1a: Gumshoos|Ice Punch|p2a: Vileplume
|-supereffective|p2a: Vileplume
|-crit|p2a: Vileplume
|-damage|p2a: Vileplume|17/100
|
|-weather|none
|-heal|p2a: Vileplume|23/100|[from] item: Black Sludge
|upkeep
|turn|12
|
|t:|1639041258
|move|p2a: Vileplume|Sludge Bomb|p1a: Gumshoos
|-damage|p1a: Gumshoos|0 fnt
|faint|p1a: Gumshoos
|
|-heal|p2a: Vileplume|29/100|[from] item: Black Sludge
|upkeep
|
|t:|1639041265
|switch|p1a: Raticate|Raticate, F|100/100
|-damage|p1a: Raticate|88/100|[from] Stealth Rock
|turn|13
|
|t:|1639041270
|move|p1a: Raticate|Double-Edge|p2a: Vileplume
|-damage|p2a: Vileplume|0 fnt
|faint|p2a: Vileplume
|-damage|p1a: Raticate|75/100|[from] Recoil
|
|upkeep
|
|t:|1639041275
|switch|p2a: Uxie|Uxie|82/100
|turn|14
|
|t:|1639041278
|move|p1a: Raticate|Double-Edge|p2a: Uxie
|-damage|p2a: Uxie|34/100
|-damage|p1a: Raticate|52/100|[from] Recoil
|move|p2a: Uxie|Reflect|p2a: Uxie
|-sidestart|p2: 7koala|Reflect
|
|upkeep
|turn|15
|
|t:|1639041286
|move|p1a: Raticate|Double-Edge|p2a: Uxie
|-damage|p2a: Uxie|9/100
|-damage|p1a: Raticate|40/100|[from] Recoil
|move|p2a: Uxie|Knock Off|p1a: Raticate
|-damage|p1a: Raticate|2/100
|-enditem|p1a: Raticate|Choice Scarf|[from] move: Knock Off|[of] p2a: Uxie
|
|upkeep
|turn|16
|
|t:|1639041296
|move|p1a: Raticate|Double-Edge|p2a: Uxie
|-damage|p2a: Uxie|0 fnt
|faint|p2a: Uxie
|-damage|p1a: Raticate|0 fnt|[from] Recoil
|faint|p1a: Raticate
|
|upkeep
|
|t:|1639041310
|switch|p1a: Gloom|Gloom, F|100/100
|switch|p2a: Xatu|Xatu, F|100/100
|-damage|p1a: Gloom|88/100|[from] Stealth Rock
|turn|17
|
|t:|1639041316
|move|p2a: Xatu|Cosmic Power|p2a: Xatu
|-boost|p2a: Xatu|def|1
|-boost|p2a: Xatu|spd|1
|move|p1a: Gloom|Infestation|p2a: Xatu
|-damage|p2a: Xatu|96/100
|-activate|p2a: Xatu|move: Infestation|[of] p1a: Gloom
|
|-damage|p2a: Xatu|84/100|[from] move: Infestation|[partiallytrapped]
|upkeep
|turn|18
|
|t:|1639041329
|switch|p1a: Morpeko|Morpeko, M|100/100
|-damage|p1a: Morpeko|88/100|[from] Stealth Rock
|move|p2a: Xatu|Cosmic Power|p2a: Xatu
|-boost|p2a: Xatu|def|1
|-boost|p2a: Xatu|spd|1
|
|-end|p2a: Xatu|Infestation|[partiallytrapped]|[silent]
|-sideend|p2: 7koala|Reflect
|-formechange|p1a: Morpeko|Morpeko-Hangry||[from] ability: Hunger Switch
|upkeep
|turn|19
|
|t:|1639041340
|move|p2a: Xatu|Cosmic Power|p2a: Xatu
|-boost|p2a: Xatu|def|1
|-boost|p2a: Xatu|spd|1
|move|p1a: Morpeko|Aura Wheel|p2a: Xatu
|-supereffective|p2a: Xatu
|-damage|p2a: Xatu|0 fnt
|-boost|p1a: Morpeko|spe|1
|faint|p2a: Xatu
|
|-formechange|p1a: Morpeko|Morpeko||[from] ability: Hunger Switch
|upkeep
|
|t:|1639041366
|switch|p2a: Malamar|Malamar, M|100/100
|turn|20
|
|t:|1639041369
|move|p1a: Morpeko|Aura Wheel|p2a: Malamar
|-damage|p2a: Malamar|45/100
|-boost|p1a: Morpeko|spe|1
|move|p2a: Malamar|Acupressure|p2a: Malamar
|-boost|p2a: Malamar|def|2
|
|-heal|p2a: Malamar|51/100|[from] item: Leftovers
|-formechange|p1a: Morpeko|Morpeko-Hangry||[from] ability: Hunger Switch
|upkeep
|turn|21
|
|t:|1639041380
|move|p1a: Morpeko|Aura Wheel|p2a: Malamar
|-damage|p2a: Malamar|22/100
|-boost|p1a: Morpeko|spe|1
|move|p2a: Malamar|Rest|p2a: Malamar
|-status|p2a: Malamar|slp|[from] move: Rest
|-heal|p2a: Malamar|100/100 slp|[silent]
|
|-formechange|p1a: Morpeko|Morpeko||[from] ability: Hunger Switch
|upkeep
|turn|22
|
|t:|1639041391
|move|p1a: Morpeko|Aura Wheel|p2a: Malamar
|-damage|p2a: Malamar|69/100 slp
|-boost|p1a: Morpeko|spe|1
|cant|p2a: Malamar|slp
|
|-heal|p2a: Malamar|75/100 slp|[from] item: Leftovers
|-formechange|p1a: Morpeko|Morpeko-Hangry||[from] ability: Hunger Switch
|upkeep
|turn|23
|
|t:|1639041401
|move|p1a: Morpeko|Aura Wheel|p2a: Malamar
|-damage|p2a: Malamar|47/100 slp
|-boost|p1a: Morpeko|spe|1
|cant|p2a: Malamar|slp
|
|-heal|p2a: Malamar|53/100 slp|[from] item: Leftovers
|-formechange|p1a: Morpeko|Morpeko||[from] ability: Hunger Switch
|upkeep
|turn|24
|
|t:|1639041416
|switch|p1a: Gloom|Gloom, F|88/100
|-damage|p1a: Gloom|76/100|[from] Stealth Rock
|-curestatus|p2a: Malamar|slp|[msg]
|move|p2a: Malamar|Acupressure|p2a: Malamar
|-boost|p2a: Malamar|atk|2
|
|-heal|p2a: Malamar|59/100|[from] item: Leftovers
|upkeep
|turn|25
|
|t:|1639041446
|move|p2a: Malamar|Acupressure|p2a: Malamar
|-boost|p2a: Malamar|evasion|2
|move|p1a: Gloom|Strength Sap|p2a: Malamar|[miss]
|-miss|p1a: Gloom|p2a: Malamar
|
|-heal|p2a: Malamar|65/100|[from] item: Leftovers
|upkeep
|turn|26
|
|t:|1639041454
|move|p2a: Malamar|Acupressure|p2a: Malamar
|-boost|p2a: Malamar|spd|2
|move|p1a: Gloom|Infestation|p2a: Malamar|[miss]
|-miss|p1a: Gloom|p2a: Malamar
|
|-heal|p2a: Malamar|71/100|[from] item: Leftovers
|upkeep
|turn|27
|
|t:|1639041463
|move|p2a: Malamar|Stored Power|p1a: Gloom
|-supereffective|p1a: Gloom
|-damage|p1a: Gloom|18/100
|move|p1a: Gloom|Infestation|p2a: Malamar|[miss]
|-miss|p1a: Gloom|p2a: Malamar
|
|-heal|p2a: Malamar|77/100|[from] item: Leftovers
|upkeep
|turn|28
|
|t:|1639041472
|move|p2a: Malamar|Acupressure|p2a: Malamar
|-boost|p2a: Malamar|spa|2
|move|p1a: Gloom|Toxic|p2a: Malamar
|-status|p2a: Malamar|tox
|
|-heal|p2a: Malamar|83/100 tox|[from] item: Leftovers
|-damage|p2a: Malamar|77/100 tox|[from] psn
|upkeep
|turn|29
|
|t:|1639041481
|move|p2a: Malamar|Stored Power|p1a: Gloom
|-supereffective|p1a: Gloom
|-damage|p1a: Gloom|0 fnt
|faint|p1a: Gloom
|
|-heal|p2a: Malamar|83/100 tox|[from] item: Leftovers
|-damage|p2a: Malamar|71/100 tox|[from] psn
|upkeep
|
|t:|1639041489
|switch|p1a: Morpeko|Morpeko, M|88/100
|-damage|p1a: Morpeko|76/100|[from] Stealth Rock
|turn|30
|
|t:|1639041502
|move|p1a: Morpeko|Aura Wheel|p2a: Malamar
|-crit|p2a: Malamar
|-damage|p2a: Malamar|0 fnt
|-boost|p1a: Morpeko|spe|1
|faint|p2a: Malamar
|
|-formechange|p1a: Morpeko|Morpeko-Hangry||[from] ability: Hunger Switch
|upkeep
|
|t:|1639041509
|switch|p2a: Chandelure|Chandelure, M|100/100
|turn|31
|c|☆Levimcmeekin|Morpeko understood the assignment
|
|t:|1639041523
|move|p1a: Morpeko|Aura Wheel|p2a: Chandelure
|-supereffective|p2a: Chandelure
|-damage|p2a: Chandelure|0 fnt
|-boost|p1a: Morpeko|spe|1
|faint|p2a: Chandelure
|
|win|Levimcmeekin
|raw|Levimcmeekin's rating: 1088 &rarr; <strong>1109</strong><br />(+21 for winning)
|raw|7koala's rating: 1014 &rarr; <strong>1004</strong><br />(-10 for losing)
|c|☆7koala|what u mean
