|j|☆ScarpeRengard
|j|☆xczzxc
|t:|1639043137
|gametype|singles
|player|p1|ScarpeRengard|norman|
|player|p2|xczzxc|266|
|teamsize|p1|6
|teamsize|p2|6
|gen|8
|tier|[Gen 8] National Dex
|rule|HP Percentage Mod: HP is shown in percentages
|rule|Endless Battle Clause: Forcing endless battles is banned
|rule|OHKO Clause: OHKO moves are banned
|rule|Evasion Moves Clause: Evasion moves are banned
|rule|Species Clause: Limit one of each Pokémon
|rule|Dynamax Clause: You cannot dynamax
|rule|Sleep Clause Mod: Limit one foe put to sleep
|clearpoke
|poke|p1|Aggron, F|
|poke|p1|Blacephalon|
|poke|p1|Scizor, F|
|poke|p1|Greninja, M|
|poke|p1|Regieleki|
|poke|p1|Tapu Koko|
|poke|p2|Greninja, M|
|poke|p2|Gliscor, F|
|poke|p2|Slowbro, M|
|poke|p2|Xurkitree|
|poke|p2|Victini|
|poke|p2|Clefable, M|
|teampreview
|inactive|Battle timer is ON: inactive players will automatically lose when time's up. (requested by ScarpeRengard)
|
|t:|1639043158
|start
|switch|p1a: anger man|Aggron, F|100/100
|switch|p2a: Greninja|Greninja, M|100/100
|turn|1
|
|t:|1639043170
|switch|p2a: Gliscor|Gliscor, F|100/100
|detailschange|p1a: anger man|Aggron-Mega, F
|-mega|p1a: anger man|Aggron|Aggronite
|move|p1a: anger man|Iron Defense|p1a: anger man
|-boost|p1a: anger man|def|2
|
|-status|p2a: Gliscor|tox|[from] item: Toxic Orb
|upkeep
|turn|2
|
|t:|1639043175
|move|p2a: Gliscor|Earthquake|p1a: anger man
|-supereffective|p1a: anger man
|-damage|p1a: anger man|90/100
|move|p1a: anger man|Substitute|p1a: anger man
|-start|p1a: anger man|Substitute
|-damage|p1a: anger man|65/100
|
|upkeep
|turn|3
|
|t:|1639043179
|move|p2a: Gliscor|Earthquake|p1a: anger man
|-supereffective|p1a: anger man
|-activate|p1a: anger man|move: Substitute|[damage]
|move|p1a: anger man|Iron Defense|p1a: anger man
|-boost|p1a: anger man|def|2
|
|upkeep
|turn|4
|
|t:|1639043185
|move|p2a: Gliscor|Earthquake|p1a: anger man
|-supereffective|p1a: anger man
|-activate|p1a: anger man|move: Substitute|[damage]
|move|p1a: anger man|Iron Defense|p1a: anger man
|-boost|p1a: anger man|def|2
|
|upkeep
|turn|5
|
|t:|1639043188
|move|p2a: Gliscor|Earthquake|p1a: anger man
|-supereffective|p1a: anger man
|-activate|p1a: anger man|move: Substitute|[damage]
|move|p1a: anger man|Autotomize|p1a: anger man
|-boost|p1a: anger man|spe|2
|-start|p1a: anger man|Autotomize
|
|upkeep
|turn|6
|
|t:|1639043192
|move|p1a: anger man|Autotomize|p1a: anger man
|-boost|p1a: anger man|spe|2
|-start|p1a: anger man|Autotomize
|move|p2a: Gliscor|Earthquake|p1a: anger man
|-supereffective|p1a: anger man
|-end|p1a: anger man|Substitute
|
|upkeep
|turn|7
|
|t:|1639043197
|move|p1a: anger man|Body Press|p2a: Gliscor
|-resisted|p2a: Gliscor
|-damage|p2a: Gliscor|30/100 tox
|move|p2a: Gliscor|Earthquake|p1a: anger man
|-supereffective|p1a: anger man
|-damage|p1a: anger man|59/100
|
|-heal|p2a: Gliscor|43/100 tox|[from] ability: Poison Heal
|upkeep
|turn|8
|
|t:|1639043201
|move|p2a: Gliscor|Protect|p2a: Gliscor
|-singleturn|p2a: Gliscor|Protect
|move|p1a: anger man|Body Press|p2a: Gliscor
|-activate|p2a: Gliscor|move: Protect
|
|-heal|p2a: Gliscor|55/100 tox|[from] ability: Poison Heal
|upkeep
|turn|9
|
|t:|1639043203
|move|p1a: anger man|Body Press|p2a: Gliscor
|-resisted|p2a: Gliscor
|-damage|p2a: Gliscor|0 fnt
|faint|p2a: Gliscor
|
|upkeep
|
|t:|1639043208
|switch|p2a: Clefable|Clefable, M|100/100
|turn|10
|
|t:|1639043213
|move|p1a: anger man|Body Press|p2a: Clefable
|-resisted|p2a: Clefable
|-damage|p2a: Clefable|81/100
|move|p2a: Clefable|Mystical Fire|p1a: anger man
|-supereffective|p1a: anger man
|-damage|p1a: anger man|31/100
|-unboost|p1a: anger man|spa|1
|
|-heal|p2a: Clefable|87/100|[from] item: Leftovers
|upkeep
|turn|11
|c|☆ScarpeRengard|what the fuck
|c|☆ScarpeRengard|oh unaware
|inactive|ScarpeRengard has 270 seconds left.
|inactive|ScarpeRengard has 240 seconds left.
|
|t:|1639043286
|switch|p1a: electric man|Regieleki, shiny|100/100
|move|p2a: Clefable|Mystical Fire|p1a: electric man
|-damage|p1a: electric man|68/100
|-unboost|p1a: electric man|spa|1
|
|-heal|p2a: Clefable|93/100|[from] item: Leftovers
|upkeep
|turn|12
|
|t:|1639043292
|switch|p1a: ball man|Blacephalon, shiny|100/100
|move|p2a: Clefable|Mystical Fire|p1a: ball man
|-resisted|p1a: ball man
|-damage|p1a: ball man|87/100
|-unboost|p1a: ball man|spa|1
|
|-heal|p2a: Clefable|99/100|[from] item: Leftovers
|upkeep
|turn|13
|
|t:|1639043299
|switch|p1a: Tapu Koko|Tapu Koko, shiny|100/100
|-fieldstart|move: Electric Terrain|[from] ability: Electric Surge|[of] p1a: Tapu Koko
|move|p2a: Clefable|Encore||[still]
|-fail|p2a: Clefable
|
|-heal|p2a: Clefable|100/100|[from] item: Leftovers
|upkeep
|turn|14
|
|t:|1639043312
|move|p1a: Tapu Koko|Calm Mind|p1a: Tapu Koko
|-boost|p1a: Tapu Koko|spa|1
|-boost|p1a: Tapu Koko|spd|1
|move|p2a: Clefable|Mystical Fire|p1a: Tapu Koko
|-damage|p1a: Tapu Koko|77/100
|-unboost|p1a: Tapu Koko|spa|1
|
|upkeep
|turn|15
|
|t:|1639043325
|move|p1a: Tapu Koko|Thunderbolt|p2a: Clefable
|-damage|p2a: Clefable|71/100
|move|p2a: Clefable|Mystical Fire|p1a: Tapu Koko
|-damage|p1a: Tapu Koko|50/100
|-unboost|p1a: Tapu Koko|spa|1
|
|-heal|p2a: Clefable|77/100|[from] item: Leftovers
|upkeep
|turn|16
|
|t:|1639043330
|move|p1a: Tapu Koko|Quick Attack|p2a: Clefable
|-damage|p2a: Clefable|66/100
|move|p2a: Clefable|Mystical Fire|p1a: Tapu Koko
|-damage|p1a: Tapu Koko|27/100
|-unboost|p1a: Tapu Koko|spa|1
|
|-heal|p2a: Clefable|72/100|[from] item: Leftovers
|upkeep
|turn|17
|
|t:|1639043347
|-zpower|p1a: Tapu Koko
|move|p1a: Tapu Koko|Gigavolt Havoc|p2a: Clefable|[zeffect]
|-damage|p2a: Clefable|14/100
|move|p2a: Clefable|Mystical Fire|p1a: Tapu Koko
|-damage|p1a: Tapu Koko|2/100
|-unboost|p1a: Tapu Koko|spa|1
|
|-heal|p2a: Clefable|21/100|[from] item: Leftovers
|-fieldend|move: Electric Terrain
|upkeep
|turn|18
|
|t:|1639043356
|switch|p2a: Greninja|Greninja, M|100/100
|move|p1a: Tapu Koko|Quick Attack|p2a: Greninja
|-damage|p2a: Greninja|79/100
|
|upkeep
|turn|19
|
|t:|1639043360
|move|p2a: Greninja|Water Shuriken|p1a: Tapu Koko
|-damage|p1a: Tapu Koko|0 fnt
|faint|p1a: Tapu Koko
|-activate|p2a: Greninja|ability: Battle Bond
|detailschange|p2a: Greninja|Greninja-Ash, M
|-hitcount|p1: Tapu Koko|1
|-damage|p2a: Greninja|69/100|[from] item: Life Orb
|
|upkeep
|
|t:|1639043364
|switch|p1a: electric man|Regieleki, shiny|68/100
|turn|20
|inactive|ScarpeRengard has 270 seconds left.
|
|t:|1639043385
|move|p2a: Greninja|Water Shuriken|p1a: electric man
|-damage|p1a: electric man|36/100
|-damage|p1a: electric man|7/100
|-damage|p1a: electric man|0 fnt
|faint|p1a: electric man
|-hitcount|p1: electric man|3
|-damage|p2a: Greninja|59/100|[from] item: Life Orb
|
|upkeep
|
|t:|1639043392
|switch|p1a: scissor man|Scizor, F|100/100
|turn|21
|
|t:|1639043401
|move|p2a: Greninja|Surf|p1a: scissor man
|-damage|p1a: scissor man|0 fnt
|faint|p1a: scissor man
|-damage|p2a: Greninja|50/100|[from] item: Life Orb
|
|upkeep
|
|t:|1639043412
|switch|p1a: anger man|Aggron-Mega, F|31/100
|turn|22
|
|t:|1639043417
|move|p2a: Greninja|Surf|p1a: anger man
|-damage|p1a: anger man|0 fnt
|faint|p1a: anger man
|-damage|p2a: Greninja|40/100|[from] item: Life Orb
|
|upkeep
|inactive|ScarpeRengard has 270 seconds left.
|
|t:|1639043423
|switch|p1a: ball man|Blacephalon, shiny|87/100
|turn|23
|
|t:|1639043425
|move|p2a: Greninja|Water Shuriken|p1a: ball man
|-supereffective|p1a: ball man
|-damage|p1a: ball man|39/100
|-supereffective|p1a: ball man
|-damage|p1a: ball man|0 fnt
|faint|p1a: ball man
|-hitcount|p1: ball man|2
|-damage|p2a: Greninja|30/100|[from] item: Life Orb
|
|upkeep
|
|t:|1639043428
|switch|p1a: grenade man|Greninja, M|100/100
|turn|24
|inactive|ScarpeRengard has 270 seconds left.
|
|t:|1639043457
|move|p2a: Greninja|Surf|p1a: grenade man
|-resisted|p1a: grenade man
|-damage|p1a: grenade man|48/100
|-damage|p2a: Greninja|20/100|[from] item: Life Orb
|move|p1a: grenade man|Dark Pulse|p2a: Greninja
|-resisted|p2a: Greninja
|-damage|p2a: Greninja|0 fnt
|faint|p2a: Greninja
|-activate|p1a: grenade man|ability: Battle Bond
|detailschange|p1a: grenade man|Greninja-Ash, M
|
|upkeep
|
|t:|1639043465
|switch|p2a: Victini|Victini|100/100
|turn|25
|
|t:|1639043468
|move|p2a: Victini|Bolt Strike|p1a: grenade man|[miss]
|-miss|p2a: Victini|p1a: grenade man
|move|p1a: grenade man|Dark Pulse|p2a: Victini
|-supereffective|p2a: Victini
|-damage|p2a: Victini|0 fnt
|faint|p2a: Victini
|
|upkeep
|
|t:|1639043474
|switch|p2a: Xurkitree|Xurkitree|100/100
|turn|26
|
|t:|1639043476
|move|p1a: grenade man|Dark Pulse|p2a: Xurkitree
|-damage|p2a: Xurkitree|2/100
|move|p2a: Xurkitree|Thunderbolt|p1a: grenade man
|-supereffective|p1a: grenade man
|-damage|p1a: grenade man|0 fnt
|faint|p1a: grenade man
|
|win|xczzxc
|l|☆xczzxc
