|inactive|Battle timer is ON: inactive players will automatically lose when time's up.
|t:|1638731164
|gametype|singles
|player|p1|Gilberto Arenoso|elesa|
|player|p2|Sabella|#sabella|
|teamsize|p1|6
|teamsize|p2|6
|gen|5
|tier|[Gen 5] UU
|rule|Species Clause: Limit one of each Pokémon
|rule|OHKO Clause: OHKO moves are banned
|rule|Moody Clause: Moody is banned
|rule|Evasion Moves Clause: Evasion moves are banned
|rule|Endless Battle Clause: Forcing endless battles is banned
|rule|HP Percentage Mod: HP is shown in percentages
|rule|Evasion Abilities Clause: Evasion abilities are banned
|rule|Swagger Clause: Swagger is banned
|rule|Sleep Clause Mod: Limit one foe put to sleep
|clearpoke
|poke|p1|Snorlax, M|item
|poke|p1|Umbreon, F|item
|poke|p1|Zapdos|item
|poke|p1|Qwilfish, M|item
|poke|p1|Nidoqueen, F|item
|poke|p1|Hitmontop, M|item
|poke|p2|Mew|item
|poke|p2|Rhyperior, M|item
|poke|p2|Qwilfish, F|item
|poke|p2|Heracross, F|item
|poke|p2|Togekiss, M|item
|poke|p2|Umbreon, M|item
|teampreview
|c|+Iam Fakee ☾|Gilberto Arenoso
|c|☆Gilberto Arenoso|hf
|c|+ASKOV|Gilberto Arenoso
|inactive|Gilberto Arenoso has 270 seconds left.
|inactive|Sabella has 270 seconds left.
|c|+HYDREIGON SPECS|Gilberto Arenoso
|inactive|Gilberto Arenoso has 240 seconds left.
|inactive|Gilberto Arenoso has 210 seconds left.
|inactive|Gilberto Arenoso has 180 seconds left.
|
|t:|1638731285
|start
|switch|p1a: Qwilfish|Qwilfish, M|100/100
|switch|p2a: Mew|Mew|100/100
|-ability|p1a: Qwilfish|Intimidate|boost
|-unboost|p2a: Mew|atk|1
|turn|1
|c|+TNunes|Gilberto Arenoso
|
|t:|1638731292
|move|p2a: Mew|Taunt|p1a: Qwilfish
|-start|p1a: Qwilfish|move: Taunt
|cant|p1a: Qwilfish|move: Taunt|Spikes
|
|upkeep
|turn|2
|
|t:|1638731300
|switch|p1a: Zapdos|Zapdos|100/100
|-ability|p1a: Zapdos|Pressure
|move|p2a: Mew|Will-O-Wisp|p1a: Zapdos|[miss]
|-miss|p2a: Mew|p1a: Zapdos
|
|upkeep
|turn|3
|
|t:|1638731310
|switch|p2a: Rhyperior|Rhyperior, M|100/100
|move|p1a: Zapdos|Roar|p2a: Rhyperior
|drag|p2a: Togekiss|Togekiss, M|100/100
|
|upkeep
|turn|4
|
|t:|1638731316
|switch|p1a: Qwilfish|Qwilfish, M|100/100
|-ability|p1a: Qwilfish|Intimidate|boost
|-unboost|p2a: Togekiss|atk|1
|switch|p2a: Rhyperior|Rhyperior, M|100/100
|
|upkeep
|turn|5
|inactive|Sabella has 270 seconds left.
|
|t:|1638731360
|switch|p1a: Hitmontop|Hitmontop, M|100/100
|-ability|p1a: Hitmontop|Intimidate|boost
|-unboost|p2a: Rhyperior|atk|1
|move|p2a: Rhyperior|Earthquake|p1a: Hitmontop
|-crit|p1a: Hitmontop
|-damage|p1a: Hitmontop|10/100
|
|-heal|p1a: Hitmontop|16/100|[from] item: Leftovers
|upkeep
|turn|6
|
|t:|1638731370
|switch|p1a: Umbreon|Umbreon, F|100/100
|switch|p2a: Qwilfish|Qwilfish, F|100/100
|-ability|p2a: Qwilfish|Intimidate|boost
|-unboost|p1a: Umbreon|atk|1
|
|upkeep
|turn|7
|inactive|Sabella has 270 seconds left.
|inactive|Gilberto Arenoso has 240 seconds left.
|
|t:|1638731418
|switch|p1a: Nidoqueen|Nidoqueen, F|100/100
|move|p2a: Qwilfish|Taunt|p1a: Nidoqueen
|-start|p1a: Nidoqueen|move: Taunt
|
|upkeep
|turn|8
|
|t:|1638731429
|switch|p2a: Mew|Mew|100/100
|move|p1a: Nidoqueen|Earth Power|p2a: Mew
|-damage|p2a: Mew|77/100
|
|-heal|p2a: Mew|83/100|[from] item: Leftovers
|upkeep
|turn|9
|
|t:|1638731441
|switch|p2a: Heracross|Heracross, F|100/100
|switch|p1a: Umbreon|Umbreon, F|100/100
|
|upkeep
|turn|10
|
|t:|1638731455
|switch|p1a: Zapdos|Zapdos|100/100
|-ability|p1a: Zapdos|Pressure
|move|p2a: Heracross|Swords Dance|p2a: Heracross
|-boost|p2a: Heracross|atk|2
|
|upkeep
|turn|11
|
|t:|1638731459
|move|p1a: Zapdos|Hidden Power|p2a: Heracross
|-supereffective|p2a: Heracross
|-damage|p2a: Heracross|0 fnt
|faint|p2a: Heracross
|
|upkeep
|
|t:|1638731463
|switch|p2a: Rhyperior|Rhyperior, M|100/100
|turn|12
|
|t:|1638731469
|switch|p1a: Hitmontop|Hitmontop, M|16/100
|-ability|p1a: Hitmontop|Intimidate|boost
|-unboost|p2a: Rhyperior|atk|1
|move|p2a: Rhyperior|Stealth Rock|p1a: Hitmontop
|-sidestart|p1: Gilberto Arenoso|move: Stealth Rock
|
|-heal|p1a: Hitmontop|22/100|[from] item: Leftovers
|upkeep
|turn|13
|
|t:|1638731479
|move|p1a: Hitmontop|Rapid Spin|p2a: Rhyperior
|-resisted|p2a: Rhyperior
|-damage|p2a: Rhyperior|99/100
|-sideend|p1: Gilberto Arenoso|Stealth Rock|[from] move: Rapid Spin|[of] p1a: Hitmontop
|move|p2a: Rhyperior|Earthquake|p1a: Hitmontop
|-damage|p1a: Hitmontop|0 fnt
|faint|p1a: Hitmontop
|
|-heal|p2a: Rhyperior|100/100|[from] item: Leftovers
|upkeep
|
|t:|1638731480
|switch|p1a: Qwilfish|Qwilfish, M|100/100
|-ability|p1a: Qwilfish|Intimidate|boost
|-unboost|p2a: Rhyperior|atk|1
|turn|14
|
|t:|1638731489
|switch|p2a: Togekiss|Togekiss, M|100/100
|move|p1a: Qwilfish|Spikes|p2a: Togekiss
|-sidestart|p2: Sabella|Spikes
|
|upkeep
|turn|15
|inactive|Gilberto Arenoso has 270 seconds left.
|
|t:|1638731506
|switch|p1a: Zapdos|Zapdos|100/100
|-ability|p1a: Zapdos|Pressure
|move|p2a: Togekiss|Nasty Plot|p2a: Togekiss
|-boost|p2a: Togekiss|spa|2
|
|upkeep
|turn|16
|
|t:|1638731509
|switch|p2a: Rhyperior|Rhyperior, M|100/100
|-damage|p2a: Rhyperior|88/100|[from] Spikes
|move|p1a: Zapdos|Thunderbolt|p2a: Rhyperior
|-immune|p2a: Rhyperior
|
|-heal|p2a: Rhyperior|94/100|[from] item: Leftovers
|upkeep
|turn|17
|
|t:|1638731521
|switch|p1a: Umbreon|Umbreon, F|100/100
|move|p2a: Rhyperior|Earthquake|p1a: Umbreon
|-damage|p1a: Umbreon|62/100
|
|-heal|p1a: Umbreon|68/100|[from] item: Leftovers
|-heal|p2a: Rhyperior|100/100|[from] item: Leftovers
|upkeep
|turn|18
|
|t:|1638731526
|move|p1a: Umbreon|Wish|p1a: Umbreon
|move|p2a: Rhyperior|Stealth Rock|p1a: Umbreon
|-sidestart|p1: Gilberto Arenoso|move: Stealth Rock
|
|-heal|p1a: Umbreon|75/100|[from] item: Leftovers
|upkeep
|turn|19
|
|t:|1638731531
|move|p1a: Umbreon|Foul Play|p2a: Rhyperior
|-damage|p2a: Rhyperior|70/100
|move|p2a: Rhyperior|Dragon Tail|p1a: Umbreon
|-damage|p1a: Umbreon|59/100
|drag|p1a: Qwilfish|Qwilfish, M|100/100
|-damage|p1a: Qwilfish|88/100|[from] Stealth Rock
|-ability|p1a: Qwilfish|Intimidate|boost
|-unboost|p2a: Rhyperior|atk|1
|
|-heal|p1a: Qwilfish|100/100|[from] move: Wish|[wisher] Umbreon
|-heal|p2a: Rhyperior|76/100|[from] item: Leftovers
|upkeep
|turn|20
|
|t:|1638731545
|switch|p2a: Qwilfish|Qwilfish, F|100/100
|-damage|p2a: Qwilfish|88/100|[from] Spikes
|-ability|p2a: Qwilfish|Intimidate|boost
|-unboost|p1a: Qwilfish|atk|1
|move|p1a: Qwilfish|Spikes|p2a: Qwilfish
|-sidestart|p2: Sabella|Spikes
|
|-heal|p2a: Qwilfish|94/100|[from] item: Black Sludge
|upkeep
|turn|21
|
|t:|1638731560
|switch|p1a: Zapdos|Zapdos|100/100
|-damage|p1a: Zapdos|76/100|[from] Stealth Rock
|-ability|p1a: Zapdos|Pressure
|move|p2a: Qwilfish|Spikes|p1a: Zapdos
|-sidestart|p1: Gilberto Arenoso|Spikes
|
|-heal|p1a: Zapdos|82/100|[from] item: Leftovers
|-heal|p2a: Qwilfish|99/100|[from] item: Black Sludge
|upkeep
|turn|22
|
|t:|1638731567
|switch|p2a: Umbreon|Umbreon, M|100/100
|-damage|p2a: Umbreon|84/100|[from] Spikes
|move|p1a: Zapdos|Roar|p2a: Umbreon
|drag|p2a: Togekiss|Togekiss, M|100/100
|
|-heal|p1a: Zapdos|88/100|[from] item: Leftovers
|upkeep
|turn|23
|
|t:|1638731571
|switch|p2a: Umbreon|Umbreon, M|84/100
|-damage|p2a: Umbreon|68/100|[from] Spikes
|move|p1a: Zapdos|Roar|p2a: Umbreon
|drag|p2a: Qwilfish|Qwilfish, F|99/100
|-damage|p2a: Qwilfish|84/100|[from] Spikes
|-ability|p2a: Qwilfish|Intimidate|boost
|-unboost|p1a: Zapdos|atk|1
|
|-heal|p1a: Zapdos|94/100|[from] item: Leftovers
|-heal|p2a: Qwilfish|90/100|[from] item: Black Sludge
|upkeep
|turn|24
|
|t:|1638731583
|switch|p2a: Umbreon|Umbreon, M|68/100
|-damage|p2a: Umbreon|51/100|[from] Spikes
|move|p1a: Zapdos|Thunderbolt|p2a: Umbreon
|-damage|p2a: Umbreon|29/100
|
|-heal|p1a: Zapdos|99/100|[from] item: Leftovers
|-heal|p2a: Umbreon|35/100|[from] item: Leftovers
|upkeep
|turn|25
|
|t:|1638731591
|switch|p1a: Qwilfish|Qwilfish, M|100/100
|-damage|p1a: Qwilfish|88/100|[from] Spikes
|-damage|p1a: Qwilfish|76/100|[from] Stealth Rock
|-ability|p1a: Qwilfish|Intimidate|boost
|-unboost|p2a: Umbreon|atk|1
|move|p2a: Umbreon|Toxic|p1a: Qwilfish
|-immune|p1a: Qwilfish
|
|-heal|p1a: Qwilfish|82/100|[from] item: Leftovers
|-heal|p2a: Umbreon|41/100|[from] item: Leftovers
|upkeep
|turn|26
|
|t:|1638731594
|move|p1a: Qwilfish|Spikes|p2a: Umbreon
|-sidestart|p2: Sabella|Spikes
|move|p2a: Umbreon|Wish|p2a: Umbreon
|
|-heal|p1a: Qwilfish|88/100|[from] item: Leftovers
|-heal|p2a: Umbreon|47/100|[from] item: Leftovers
|upkeep
|turn|27
|
|t:|1638731598
|move|p2a: Umbreon|Protect|p2a: Umbreon
|-singleturn|p2a: Umbreon|Protect
|move|p1a: Qwilfish|Taunt|p2a: Umbreon
|-activate|p2a: Umbreon|move: Protect
|
|-heal|p2a: Umbreon|97/100|[from] move: Wish|[wisher] Umbreon
|-heal|p1a: Qwilfish|94/100|[from] item: Leftovers
|-heal|p2a: Umbreon|100/100|[from] item: Leftovers
|upkeep
|turn|28
|
|t:|1638731600
|move|p1a: Qwilfish|Taunt|p2a: Umbreon
|-start|p2a: Umbreon|move: Taunt
|cant|p2a: Umbreon|move: Taunt|Wish
|
|-heal|p1a: Qwilfish|99/100|[from] item: Leftovers
|upkeep
|turn|29
|
|t:|1638731611
|switch|p2a: Mew|Mew|83/100
|-damage|p2a: Mew|58/100|[from] Spikes
|move|p1a: Qwilfish|Taunt|p2a: Mew
|-start|p2a: Mew|move: Taunt
|
|-heal|p2a: Mew|64/100|[from] item: Leftovers
|-heal|p1a: Qwilfish|100/100|[from] item: Leftovers
|upkeep
|turn|30
|
|t:|1638731615
|switch|p1a: Snorlax|Snorlax, M|100/100
|-damage|p1a: Snorlax|88/100|[from] Stealth Rock
|-damage|p1a: Snorlax|76/100|[from] Spikes
|move|p2a: Mew|Psyshock|p1a: Snorlax
|-damage|p1a: Snorlax|49/100
|
|-heal|p2a: Mew|70/100|[from] item: Leftovers
|-heal|p1a: Snorlax|55/100|[from] item: Leftovers
|upkeep
|turn|31
|
|t:|1638731627
|move|p2a: Mew|Psyshock|p1a: Snorlax
|-damage|p1a: Snorlax|26/100
|move|p1a: Snorlax|Pursuit|p2a: Mew
|-supereffective|p2a: Mew
|-damage|p2a: Mew|49/100
|
|-heal|p2a: Mew|55/100|[from] item: Leftovers
|-heal|p1a: Snorlax|32/100|[from] item: Leftovers
|-end|p2a: Mew|move: Taunt
|upkeep
|turn|32
|
|t:|1638731635
|move|p1a: Snorlax|Protect|p1a: Snorlax
|-singleturn|p1a: Snorlax|Protect
|move|p2a: Mew|Taunt|p1a: Snorlax
|-activate|p1a: Snorlax|move: Protect
|
|-heal|p2a: Mew|61/100|[from] item: Leftovers
|-heal|p1a: Snorlax|39/100|[from] item: Leftovers
|upkeep
|turn|33
|
|t:|1638731638
|move|p2a: Mew|Taunt|p1a: Snorlax
|-start|p1a: Snorlax|move: Taunt
|move|p1a: Snorlax|Crunch|p2a: Mew
|-supereffective|p2a: Mew
|-damage|p2a: Mew|15/100
|
|-heal|p2a: Mew|22/100|[from] item: Leftovers
|-heal|p1a: Snorlax|45/100|[from] item: Leftovers
|upkeep
|turn|34
|
|t:|1638731641
|move|p2a: Mew|Soft-Boiled|p2a: Mew
|-heal|p2a: Mew|72/100
|move|p1a: Snorlax|Crunch|p2a: Mew
|-supereffective|p2a: Mew
|-damage|p2a: Mew|23/100
|-unboost|p2a: Mew|def|1
|
|-heal|p2a: Mew|29/100|[from] item: Leftovers
|-heal|p1a: Snorlax|51/100|[from] item: Leftovers
|upkeep
|turn|35
|c|☆Sabella|man
|
|t:|1638731676
|switch|p2a: Togekiss|Togekiss, M|100/100
|move|p1a: Snorlax|Crunch|p2a: Togekiss
|-damage|p2a: Togekiss|79/100
|
|-heal|p2a: Togekiss|85/100|[from] item: Leftovers
|-heal|p1a: Snorlax|57/100|[from] item: Leftovers
|-end|p1a: Snorlax|move: Taunt
|upkeep
|turn|36
|
|t:|1638731685
|move|p2a: Togekiss|Nasty Plot|p2a: Togekiss
|-boost|p2a: Togekiss|spa|2
|move|p1a: Snorlax|Frustration|p2a: Togekiss
|-damage|p2a: Togekiss|48/100
|
|-heal|p2a: Togekiss|54/100|[from] item: Leftovers
|-heal|p1a: Snorlax|63/100|[from] item: Leftovers
|upkeep
|turn|37
|inactive|Gilberto Arenoso has 270 seconds left.
|inactive|Gilberto Arenoso has 240 seconds left.
|
|t:|1638731745
|switch|p1a: Zapdos|Zapdos|99/100
|-damage|p1a: Zapdos|75/100|[from] Stealth Rock
|-ability|p1a: Zapdos|Pressure
|move|p2a: Togekiss|Air Slash|p1a: Zapdos
|-resisted|p1a: Zapdos
|-damage|p1a: Zapdos|48/100
|
|-heal|p1a: Zapdos|54/100|[from] item: Leftovers
|-heal|p2a: Togekiss|60/100|[from] item: Leftovers
|upkeep
|turn|38
|
|t:|1638731754
|move|p1a: Zapdos|Roost|p1a: Zapdos
|-heal|p1a: Zapdos|100/100
|-singleturn|p1a: Zapdos|move: Roost
|move|p2a: Togekiss|Roost|p2a: Togekiss
|-heal|p2a: Togekiss|100/100
|-singleturn|p2a: Togekiss|move: Roost
|
|upkeep
|turn|39
|
|t:|1638731760
|move|p1a: Zapdos|Thunderbolt|p2a: Togekiss
|-supereffective|p2a: Togekiss
|-damage|p2a: Togekiss|31/100
|move|p2a: Togekiss|Roost|p2a: Togekiss
|-heal|p2a: Togekiss|81/100
|-singleturn|p2a: Togekiss|move: Roost
|
|-heal|p2a: Togekiss|87/100|[from] item: Leftovers
|upkeep
|turn|40
|
|t:|1638731766
|switch|p2a: Rhyperior|Rhyperior, M|76/100
|-damage|p2a: Rhyperior|51/100|[from] Spikes
|move|p1a: Zapdos|Roar|p2a: Rhyperior
|drag|p2a: Mew|Mew|29/100
|-damage|p2a: Mew|4/100|[from] Spikes
|
|-heal|p2a: Mew|11/100|[from] item: Leftovers
|upkeep
|turn|41
|
|t:|1638731772
|move|p2a: Mew|Soft-Boiled|p2a: Mew
|-heal|p2a: Mew|61/100
|move|p1a: Zapdos|Thunderbolt|p2a: Mew
|-damage|p2a: Mew|28/100
|
|-heal|p2a: Mew|34/100|[from] item: Leftovers
|upkeep
|turn|42
|
|t:|1638731776
|move|p2a: Mew|Soft-Boiled|p2a: Mew
|-heal|p2a: Mew|84/100
|move|p1a: Zapdos|Thunderbolt|p2a: Mew
|-damage|p2a: Mew|51/100
|
|-heal|p2a: Mew|58/100|[from] item: Leftovers
|upkeep
|turn|43
|inactive|Gilberto Arenoso has 270 seconds left.
|
|t:|1638731782
|move|p2a: Mew|Taunt|p1a: Zapdos
|-start|p1a: Zapdos|move: Taunt
|cant|p1a: Zapdos|move: Taunt|Roar
|
|-heal|p2a: Mew|64/100|[from] item: Leftovers
|upkeep
|turn|44
|inactive|Gilberto Arenoso has 270 seconds left.
|
|t:|1638731797
|move|p2a: Mew|Will-O-Wisp|p1a: Zapdos
|-status|p1a: Zapdos|brn
|move|p1a: Zapdos|Thunderbolt|p2a: Mew
|-damage|p2a: Mew|33/100
|
|-heal|p2a: Mew|39/100|[from] item: Leftovers
|-damage|p1a: Zapdos|88/100 brn|[from] brn
|upkeep
|turn|45
|
|t:|1638731802
|move|p2a: Mew|Soft-Boiled|p2a: Mew
|-heal|p2a: Mew|89/100
|move|p1a: Zapdos|Thunderbolt|p2a: Mew
|-damage|p2a: Mew|61/100
|
|-heal|p2a: Mew|67/100|[from] item: Leftovers
|-heal|p1a: Zapdos|94/100 brn|[from] item: Leftovers
|-damage|p1a: Zapdos|82/100 brn|[from] brn
|-end|p1a: Zapdos|move: Taunt
|upkeep
|turn|46
|
|t:|1638731807
|move|p2a: Mew|Taunt|p1a: Zapdos
|-start|p1a: Zapdos|move: Taunt
|move|p1a: Zapdos|Thunderbolt|p2a: Mew
|-damage|p2a: Mew|35/100
|
|-heal|p2a: Mew|41/100|[from] item: Leftovers
|-heal|p1a: Zapdos|88/100 brn|[from] item: Leftovers
|-damage|p1a: Zapdos|76/100 brn|[from] brn
|upkeep
|turn|47
|
|t:|1638731815
|move|p2a: Mew|Soft-Boiled|p2a: Mew
|-heal|p2a: Mew|91/100
|move|p1a: Zapdos|Thunderbolt|p2a: Mew
|-damage|p2a: Mew|59/100
|
|-heal|p2a: Mew|65/100|[from] item: Leftovers
|-heal|p1a: Zapdos|82/100 brn|[from] item: Leftovers
|-damage|p1a: Zapdos|69/100 brn|[from] brn
|upkeep
|turn|48
|
|t:|1638731824
|move|p2a: Mew|Psyshock|p1a: Zapdos
|-damage|p1a: Zapdos|38/100 brn
|move|p1a: Zapdos|Thunderbolt|p2a: Mew
|-damage|p2a: Mew|35/100
|
|-heal|p2a: Mew|41/100|[from] item: Leftovers
|-heal|p1a: Zapdos|44/100 brn|[from] item: Leftovers
|-damage|p1a: Zapdos|32/100 brn|[from] brn
|-end|p1a: Zapdos|move: Taunt
|upkeep
|turn|49
|
|t:|1638731838
|switch|p1a: Umbreon|Umbreon, F|59/100
|-damage|p1a: Umbreon|47/100|[from] Stealth Rock
|-damage|p1a: Umbreon|34/100|[from] Spikes
|move|p2a: Mew|Soft-Boiled|p2a: Mew
|-heal|p2a: Mew|91/100
|
|-heal|p2a: Mew|97/100|[from] item: Leftovers
|-heal|p1a: Umbreon|40/100|[from] item: Leftovers
|upkeep
|turn|50
|
|t:|1638731845
|move|p1a: Umbreon|Protect|p1a: Umbreon
|-singleturn|p1a: Umbreon|Protect
|move|p2a: Mew|Taunt|p1a: Umbreon
|-activate|p1a: Umbreon|move: Protect
|
|-heal|p2a: Mew|100/100|[from] item: Leftovers
|-heal|p1a: Umbreon|46/100|[from] item: Leftovers
|upkeep
|turn|51
|
|t:|1638731855
|move|p2a: Mew|Taunt|p1a: Umbreon
|-start|p1a: Umbreon|move: Taunt
|move|p1a: Umbreon|Foul Play|p2a: Mew
|-supereffective|p2a: Mew
|-crit|p2a: Mew
|-damage|p2a: Mew|8/100
|
|-heal|p2a: Mew|14/100|[from] item: Leftovers
|-heal|p1a: Umbreon|52/100|[from] item: Leftovers
|upkeep
|turn|52
|
|t:|1638731863
|move|p2a: Mew|Soft-Boiled|p2a: Mew
|-heal|p2a: Mew|65/100
|move|p1a: Umbreon|Foul Play|p2a: Mew
|-supereffective|p2a: Mew
|-damage|p2a: Mew|15/100
|
|-heal|p2a: Mew|22/100|[from] item: Leftovers
|-heal|p1a: Umbreon|59/100|[from] item: Leftovers
|upkeep
|turn|53
|
|t:|1638731867
|move|p2a: Mew|Soft-Boiled|p2a: Mew
|-heal|p2a: Mew|72/100
|move|p1a: Umbreon|Foul Play|p2a: Mew
|-supereffective|p2a: Mew
|-damage|p2a: Mew|26/100
|
|-heal|p2a: Mew|32/100|[from] item: Leftovers
|-heal|p1a: Umbreon|65/100|[from] item: Leftovers
|-end|p1a: Umbreon|move: Taunt
|upkeep
|turn|54
|
|t:|1638731878
|move|p2a: Mew|Will-O-Wisp|p1a: Umbreon|[miss]
|-miss|p2a: Mew|p1a: Umbreon
|move|p1a: Umbreon|Foul Play|p2a: Mew
|-supereffective|p2a: Mew
|-damage|p2a: Mew|0 fnt
|faint|p2a: Mew
|
|-heal|p1a: Umbreon|71/100|[from] item: Leftovers
|upkeep
|c|☆Sabella|lol
|c|☆Sabella|very nice
|c|☆Gilberto Arenoso|mb
|c|☆Sabella|this game was so fucking stupid
|
|t:|1638731893
|switch|p2a: Togekiss|Togekiss, M|87/100
|turn|55
|inactive|Gilberto Arenoso has 270 seconds left.
|
|t:|1638731944
|move|p2a: Togekiss|Air Slash|p1a: Umbreon
|-damage|p1a: Umbreon|53/100
|move|p1a: Umbreon|Heal Bell|p1a: Umbreon
|-activate|p1a: Umbreon|move: Heal Bell
|-curestatus|p1: Zapdos|brn|[msg]
|
|-heal|p2a: Togekiss|93/100|[from] item: Leftovers
|-heal|p1a: Umbreon|59/100|[from] item: Leftovers
|upkeep
|turn|56
|inactive|Gilberto Arenoso has 240 seconds left.
|
|t:|1638731966
|switch|p1a: Qwilfish|Qwilfish, M|100/100
|-damage|p1a: Qwilfish|88/100|[from] Spikes
|-damage|p1a: Qwilfish|76/100|[from] Stealth Rock
|-ability|p1a: Qwilfish|Intimidate|boost
|-unboost|p2a: Togekiss|atk|1
|move|p2a: Togekiss|Nasty Plot|p2a: Togekiss
|-boost|p2a: Togekiss|spa|2
|
|-heal|p2a: Togekiss|99/100|[from] item: Leftovers
|-heal|p1a: Qwilfish|82/100|[from] item: Leftovers
|upkeep
|turn|57
|
|t:|1638731974
|move|p2a: Togekiss|Nasty Plot|p2a: Togekiss
|-boost|p2a: Togekiss|spa|2
|move|p1a: Qwilfish|Taunt|p2a: Togekiss
|-start|p2a: Togekiss|move: Taunt
|
|-heal|p2a: Togekiss|100/100|[from] item: Leftovers
|-heal|p1a: Qwilfish|88/100|[from] item: Leftovers
|upkeep
|turn|58
|
|t:|1638731976
|move|p2a: Togekiss|Air Slash|p1a: Qwilfish
|-damage|p1a: Qwilfish|0 fnt
|faint|p1a: Qwilfish
|
|upkeep
|
|t:|1638731979
|switch|p1a: Zapdos|Zapdos|32/100
|-damage|p1a: Zapdos|7/100|[from] Stealth Rock
|-ability|p1a: Zapdos|Pressure
|turn|59
|
|t:|1638731982
|move|p1a: Zapdos|Roost|p1a: Zapdos
|-heal|p1a: Zapdos|57/100
|-singleturn|p1a: Zapdos|move: Roost
|move|p2a: Togekiss|Air Slash|p1a: Zapdos
|-resisted|p1a: Zapdos
|-damage|p1a: Zapdos|18/100
|
|-heal|p1a: Zapdos|24/100|[from] item: Leftovers
|upkeep
|turn|60
|
|t:|1638731988
|move|p1a: Zapdos|Roost|p1a: Zapdos
|-heal|p1a: Zapdos|74/100
|-singleturn|p1a: Zapdos|move: Roost
|move|p2a: Togekiss|Air Slash|p1a: Zapdos
|-resisted|p1a: Zapdos
|-damage|p1a: Zapdos|35/100
|
|-heal|p1a: Zapdos|41/100|[from] item: Leftovers
|-end|p2a: Togekiss|move: Taunt
|upkeep
|turn|61
|
|t:|1638732000
|switch|p2a: Rhyperior|Rhyperior, M|51/100
|-damage|p2a: Rhyperior|26/100|[from] Spikes
|move|p1a: Zapdos|Roost|p1a: Zapdos
|-heal|p1a: Zapdos|91/100
|-singleturn|p1a: Zapdos|move: Roost
|
|-heal|p1a: Zapdos|97/100|[from] item: Leftovers
|-heal|p2a: Rhyperior|32/100|[from] item: Leftovers
|upkeep
|turn|62
|inactive|Gilberto Arenoso has 270 seconds left.
|
|t:|1638732055
|switch|p1a: Snorlax|Snorlax, M|63/100
|-damage|p1a: Snorlax|51/100|[from] Stealth Rock
|-damage|p1a: Snorlax|39/100|[from] Spikes
|move|p2a: Rhyperior|Earthquake|p1a: Snorlax
|-damage|p1a: Snorlax|0 fnt
|faint|p1a: Snorlax
|
|-heal|p2a: Rhyperior|38/100|[from] item: Leftovers
|upkeep
|inactive|Gilberto Arenoso has 240 seconds left.
|
|t:|1638732077
|switch|p1a: Nidoqueen|Nidoqueen, F|100/100
|-damage|p1a: Nidoqueen|94/100|[from] Stealth Rock
|-damage|p1a: Nidoqueen|82/100|[from] Spikes
|turn|63
|inactive|Gilberto Arenoso has 240 seconds left.
|
|t:|1638732093
|switch|p2a: Umbreon|Umbreon, M|100/100
|-damage|p2a: Umbreon|76/100|[from] Spikes
|move|p1a: Nidoqueen|Earth Power|p2a: Umbreon
|-damage|p2a: Umbreon|59/100
|
|-heal|p1a: Nidoqueen|88/100|[from] item: Black Sludge
|-heal|p2a: Umbreon|65/100|[from] item: Leftovers
|upkeep
|turn|64
|
|t:|1638732098
|move|p1a: Nidoqueen|Stealth Rock|p2a: Umbreon
|-sidestart|p2: Sabella|move: Stealth Rock
|move|p2a: Umbreon|Wish|p2a: Umbreon
|
|-heal|p1a: Nidoqueen|94/100|[from] item: Black Sludge
|-heal|p2a: Umbreon|71/100|[from] item: Leftovers
|upkeep
|turn|65
|
|t:|1638732102
|move|p1a: Nidoqueen|Earth Power|p2a: Umbreon
|-damage|p2a: Umbreon|54/100
|move|p2a: Umbreon|Foul Play|p1a: Nidoqueen
|-damage|p1a: Nidoqueen|78/100
|
|-heal|p2a: Umbreon|100/100|[from] move: Wish|[wisher] Umbreon
|-heal|p1a: Nidoqueen|84/100|[from] item: Black Sludge
|upkeep
|turn|66
|
|t:|1638732110
|move|p1a: Nidoqueen|Toxic Spikes|p2a: Umbreon
|-sidestart|p2: Sabella|move: Toxic Spikes
|move|p2a: Umbreon|Wish|p2a: Umbreon
|
|-heal|p1a: Nidoqueen|90/100|[from] item: Black Sludge
|upkeep
|turn|67
|
|t:|1638732114
|move|p1a: Nidoqueen|Earth Power|p2a: Umbreon
|-damage|p2a: Umbreon|85/100
|move|p2a: Umbreon|Foul Play|p1a: Nidoqueen
|-crit|p1a: Nidoqueen
|-damage|p1a: Nidoqueen|56/100
|
|-heal|p2a: Umbreon|100/100|[from] move: Wish|[wisher] Umbreon
|-heal|p1a: Nidoqueen|62/100|[from] item: Black Sludge
|upkeep
|turn|68
|
|t:|1638732117
|move|p1a: Nidoqueen|Earth Power|p2a: Umbreon
|-damage|p2a: Umbreon|85/100
|move|p2a: Umbreon|Foul Play|p1a: Nidoqueen
|-damage|p1a: Nidoqueen|45/100
|
|-heal|p1a: Nidoqueen|51/100|[from] item: Black Sludge
|-heal|p2a: Umbreon|91/100|[from] item: Leftovers
|upkeep
|turn|69
|inactive|Gilberto Arenoso has 270 seconds left.
|
|t:|1638732148
|switch|p1a: Umbreon|Umbreon, F|59/100
|-damage|p1a: Umbreon|47/100|[from] Spikes
|-damage|p1a: Umbreon|34/100|[from] Stealth Rock
|move|p2a: Umbreon|Foul Play|p1a: Umbreon
|-resisted|p1a: Umbreon
|-damage|p1a: Umbreon|27/100
|
|-heal|p1a: Umbreon|34/100|[from] item: Leftovers
|-heal|p2a: Umbreon|97/100|[from] item: Leftovers
|upkeep
|turn|70
|
|t:|1638732153
|switch|p2a: Qwilfish|Qwilfish, F|90/100
|-sideend|p2: Sabella|move: Toxic Spikes|[of] p2a: Qwilfish
|-damage|p2a: Qwilfish|65/100|[from] Spikes
|-damage|p2a: Qwilfish|52/100|[from] Stealth Rock
|-ability|p2a: Qwilfish|Intimidate|boost
|-unboost|p1a: Umbreon|atk|1
|move|p1a: Umbreon|Wish|p1a: Umbreon
|
|-heal|p2a: Qwilfish|58/100|[from] item: Black Sludge
|-heal|p1a: Umbreon|40/100|[from] item: Leftovers
|upkeep
|turn|71
|inactive|Gilberto Arenoso has 270 seconds left.
|inactive|Gilberto Arenoso has 240 seconds left.
|
|t:|1638732189
|move|p2a: Qwilfish|Scald|p1a: Umbreon
|-damage|p1a: Umbreon|30/100
|move|p1a: Umbreon|Foul Play|p2a: Qwilfish
|-damage|p2a: Qwilfish|31/100
|
|-heal|p1a: Umbreon|80/100|[from] move: Wish|[wisher] Umbreon
|-heal|p2a: Qwilfish|37/100|[from] item: Black Sludge
|-heal|p1a: Umbreon|86/100|[from] item: Leftovers
|upkeep
|turn|72
|
|t:|1638732196
|move|p2a: Qwilfish|Spikes|p1a: Umbreon
|-sidestart|p1: Gilberto Arenoso|Spikes
|move|p1a: Umbreon|Foul Play|p2a: Qwilfish
|-damage|p2a: Qwilfish|13/100
|
|-heal|p2a: Qwilfish|19/100|[from] item: Black Sludge
|-heal|p1a: Umbreon|92/100|[from] item: Leftovers
|upkeep
|turn|73
|
|t:|1638732208
|move|p2a: Qwilfish|Spikes|p1a: Umbreon
|-sidestart|p1: Gilberto Arenoso|Spikes
|move|p1a: Umbreon|Foul Play|p2a: Qwilfish
|-damage|p2a: Qwilfish|0 fnt
|faint|p2a: Qwilfish
|
|-heal|p1a: Umbreon|98/100|[from] item: Leftovers
|upkeep
|
|t:|1638732213
|switch|p2a: Togekiss|Togekiss, M|100/100
|-damage|p2a: Togekiss|76/100|[from] Stealth Rock
|turn|74
|
|t:|1638732220
|move|p2a: Togekiss|Roost|p2a: Togekiss
|-heal|p2a: Togekiss|100/100
|-singleturn|p2a: Togekiss|move: Roost
|move|p1a: Umbreon|Foul Play|p2a: Togekiss
|-damage|p2a: Togekiss|88/100
|
|-heal|p2a: Togekiss|94/100|[from] item: Leftovers
|-heal|p1a: Umbreon|100/100|[from] item: Leftovers
|upkeep
|turn|75
|
|t:|1638732230
|switch|p1a: Zapdos|Zapdos|97/100
|-damage|p1a: Zapdos|72/100|[from] Stealth Rock
|-ability|p1a: Zapdos|Pressure
|move|p2a: Togekiss|Nasty Plot|p2a: Togekiss
|-boost|p2a: Togekiss|spa|2
|
|-heal|p1a: Zapdos|78/100|[from] item: Leftovers
|-heal|p2a: Togekiss|99/100|[from] item: Leftovers
|upkeep
|turn|76
|inactive|Gilberto Arenoso has 270 seconds left.
|
|t:|1638732263
|switch|p2a: Umbreon|Umbreon, M|97/100
|-damage|p2a: Umbreon|72/100|[from] Spikes
|-damage|p2a: Umbreon|59/100|[from] Stealth Rock
|move|p1a: Zapdos|Thunderbolt|p2a: Umbreon
|-damage|p2a: Umbreon|40/100
|
|-heal|p1a: Zapdos|84/100|[from] item: Leftovers
|-heal|p2a: Umbreon|46/100|[from] item: Leftovers
|upkeep
|turn|77
|inactive|Gilberto Arenoso has 240 seconds left.
|
|t:|1638732295
|switch|p1a: Nidoqueen|Nidoqueen, F|51/100
|-damage|p1a: Nidoqueen|26/100|[from] Spikes
|-damage|p1a: Nidoqueen|20/100|[from] Stealth Rock
|move|p2a: Umbreon|Toxic|p1a: Nidoqueen
|-immune|p1a: Nidoqueen
|
|-heal|p1a: Nidoqueen|26/100|[from] item: Black Sludge
|-heal|p2a: Umbreon|52/100|[from] item: Leftovers
|upkeep
|turn|78
|
|t:|1638732299
|move|p1a: Nidoqueen|Stealth Rock||[still]
|-fail|p1a: Nidoqueen
|move|p2a: Umbreon|Wish|p2a: Umbreon
|
|-heal|p1a: Nidoqueen|32/100|[from] item: Black Sludge
|-heal|p2a: Umbreon|58/100|[from] item: Leftovers
|upkeep
|turn|79
|
|t:|1638732306
|move|p1a: Nidoqueen|Toxic Spikes|p2a: Umbreon
|-sidestart|p2: Sabella|move: Toxic Spikes
|move|p2a: Umbreon|Foul Play|p1a: Nidoqueen
|-damage|p1a: Nidoqueen|17/100
|
|-heal|p2a: Umbreon|100/100|[from] move: Wish|[wisher] Umbreon
|-heal|p1a: Nidoqueen|23/100|[from] item: Black Sludge
|upkeep
|turn|80
|
|t:|1638732313
|move|p1a: Nidoqueen|Toxic Spikes|p2a: Umbreon
|-sidestart|p2: Sabella|move: Toxic Spikes
|move|p2a: Umbreon|Foul Play|p1a: Nidoqueen
|-damage|p1a: Nidoqueen|6/100
|
|-heal|p1a: Nidoqueen|12/100|[from] item: Black Sludge
|upkeep
|turn|81
|
|t:|1638732320
|switch|p1a: Umbreon|Umbreon, F|100/100
|-damage|p1a: Umbreon|76/100|[from] Spikes
|-damage|p1a: Umbreon|63/100|[from] Stealth Rock
|move|p2a: Umbreon|Foul Play|p1a: Umbreon
|-resisted|p1a: Umbreon
|-damage|p1a: Umbreon|56/100
|
|-heal|p1a: Umbreon|63/100|[from] item: Leftovers
|upkeep
|turn|82
|
|t:|1638732334
|switch|p2a: Togekiss|Togekiss, M|99/100
|-damage|p2a: Togekiss|75/100|[from] Stealth Rock
|move|p1a: Umbreon|Wish|p1a: Umbreon
|
|-heal|p2a: Togekiss|81/100|[from] item: Leftovers
|-heal|p1a: Umbreon|69/100|[from] item: Leftovers
|upkeep
|turn|83
|
|t:|1638732341
|move|p2a: Togekiss|Nasty Plot|p2a: Togekiss
|-boost|p2a: Togekiss|spa|2
|move|p1a: Umbreon|Foul Play|p2a: Togekiss
|-damage|p2a: Togekiss|68/100
|
|-heal|p1a: Umbreon|100/100|[from] move: Wish|[wisher] Umbreon
|-heal|p2a: Togekiss|74/100|[from] item: Leftovers
|upkeep
|turn|84
|
|t:|1638732353
|switch|p1a: Zapdos|Zapdos|84/100
|-damage|p1a: Zapdos|59/100|[from] Stealth Rock
|-ability|p1a: Zapdos|Pressure
|move|p2a: Togekiss|Nasty Plot|p2a: Togekiss
|-boost|p2a: Togekiss|spa|2
|
|-heal|p1a: Zapdos|65/100|[from] item: Leftovers
|-heal|p2a: Togekiss|81/100|[from] item: Leftovers
|upkeep
|turn|85
|
|t:|1638732363
|switch|p2a: Rhyperior|Rhyperior, M|38/100
|-status|p2a: Rhyperior|tox
|-damage|p2a: Rhyperior|13/100 tox|[from] Spikes
|-damage|p2a: Rhyperior|7/100 tox|[from] Stealth Rock
|move|p1a: Zapdos|Thunderbolt|p2a: Rhyperior
|-immune|p2a: Rhyperior
|
|-heal|p1a: Zapdos|71/100|[from] item: Leftovers
|-heal|p2a: Rhyperior|13/100 tox|[from] item: Leftovers
|-damage|p2a: Rhyperior|7/100 tox|[from] psn
|upkeep
|turn|86
|
|t:|1638732378
|move|p1a: Zapdos|Hidden Power|p2a: Rhyperior
|-resisted|p2a: Rhyperior
|-damage|p2a: Rhyperior|0 fnt
|faint|p2a: Rhyperior
|
|-heal|p1a: Zapdos|77/100|[from] item: Leftovers
|upkeep
|
|t:|1638732381
|switch|p2a: Umbreon|Umbreon, M|100/100
|-damage|p2a: Umbreon|88/100|[from] Stealth Rock
|-status|p2a: Umbreon|tox
|-damage|p2a: Umbreon|63/100 tox|[from] Spikes
|turn|87
|
|t:|1638732393
|switch|p1a: Umbreon|Umbreon, F|100/100
|-damage|p1a: Umbreon|88/100|[from] Stealth Rock
|-damage|p1a: Umbreon|63/100|[from] Spikes
|move|p2a: Umbreon|Wish|p2a: Umbreon
|
|-heal|p1a: Umbreon|69/100|[from] item: Leftovers
|-heal|p2a: Umbreon|69/100 tox|[from] item: Leftovers
|-damage|p2a: Umbreon|63/100 tox|[from] psn
|upkeep
|turn|88
|
|t:|1638732398
|move|p1a: Umbreon|Wish|p1a: Umbreon
|move|p2a: Umbreon|Toxic|p1a: Umbreon
|-status|p1a: Umbreon|tox
|-activate|p1a: Umbreon|ability: Synchronize
|-fail|p2a: Umbreon|tox
|
|-heal|p2a: Umbreon|100/100 tox|[from] move: Wish|[wisher] Umbreon
|-heal|p1a: Umbreon|75/100 tox|[from] item: Leftovers
|-damage|p1a: Umbreon|69/100 tox|[from] psn
|-damage|p2a: Umbreon|88/100 tox|[from] psn
|upkeep
|turn|89
|
|t:|1638732404
|switch|p2a: Togekiss|Togekiss, M|81/100
|-damage|p2a: Togekiss|56/100|[from] Stealth Rock
|move|p1a: Umbreon|Heal Bell|p1a: Umbreon
|-activate|p1a: Umbreon|move: Heal Bell
|-curestatus|p1a: Umbreon|tox|[msg]
|
|-heal|p1a: Umbreon|100/100|[from] move: Wish|[wisher] Umbreon
|-heal|p2a: Togekiss|62/100|[from] item: Leftovers
|upkeep
|turn|90
|
|t:|1638732410
|switch|p1a: Zapdos|Zapdos|77/100
|-damage|p1a: Zapdos|53/100|[from] Stealth Rock
|-ability|p1a: Zapdos|Pressure
|move|p2a: Togekiss|Roost|p2a: Togekiss
|-heal|p2a: Togekiss|100/100
|-singleturn|p2a: Togekiss|move: Roost
|
|-heal|p1a: Zapdos|59/100|[from] item: Leftovers
|upkeep
|turn|91
|
|t:|1638732414
|switch|p2a: Umbreon|Umbreon, M|88/100 tox
|-damage|p2a: Umbreon|63/100 tox|[from] Spikes
|-damage|p2a: Umbreon|51/100 tox|[from] Stealth Rock
|move|p1a: Zapdos|Thunderbolt|p2a: Umbreon
|-damage|p2a: Umbreon|30/100 tox
|
|-heal|p1a: Zapdos|65/100|[from] item: Leftovers
|-heal|p2a: Umbreon|36/100 tox|[from] item: Leftovers
|-damage|p2a: Umbreon|30/100 tox|[from] psn
|upkeep
|turn|92
|inactive|Gilberto Arenoso has 270 seconds left.
|
|t:|1638732449
|move|p1a: Zapdos|Roost|p1a: Zapdos
|-heal|p1a: Zapdos|100/100
|-singleturn|p1a: Zapdos|move: Roost
|move|p2a: Umbreon|Wish|p2a: Umbreon
|
|-heal|p2a: Umbreon|36/100 tox|[from] item: Leftovers
|-damage|p2a: Umbreon|24/100 tox|[from] psn
|upkeep
|turn|93
|
|t:|1638732462
|move|p1a: Zapdos|Thunderbolt|p2a: Umbreon
|-crit|p2a: Umbreon
|-damage|p2a: Umbreon|0 fnt
|faint|p2a: Umbreon
|
|upkeep
|-message|Sabella forfeited.
|
|win|Gilberto Arenoso
|c|☆Gilberto Arenoso|gg sorry for rng
|player|p2|Sabella|#sabella
|player|p2|
