|inactive|Battle timer is ON: inactive players will automatically lose when time's up.
|t:|1642365598
|gametype|singles
|player|p1|Lily|#lily|
|player|p2|choolio IGLESIAS|170|
|teamsize|p1|6
|teamsize|p2|6
|gen|5
|tier|[Gen 5] UU
|rule|Species Clause: Limit one of each Pokémon
|rule|OHKO Clause: OHKO moves are banned
|rule|Moody Clause: Moody is banned
|rule|Evasion Moves Clause: Evasion moves are banned
|rule|Endless Battle Clause: Forcing endless battles is banned
|rule|HP Percentage Mod: HP is shown in percentages
|rule|Evasion Abilities Clause: Evasion abilities are banned
|rule|Swagger Clause: Swagger is banned
|rule|Sleep Clause Mod: Limit one foe put to sleep
|clearpoke
|poke|p1|Azelf|item
|poke|p1|Cobalion|item
|poke|p1|Roserade, F|item
|poke|p1|Cofagrigus, M|item
|poke|p1|Krookodile, M|item
|poke|p1|Zapdos|item
|poke|p2|Mienshao, F|item
|poke|p2|Cofagrigus, F|item
|poke|p2|Weavile, M|item
|poke|p2|Blastoise, M|item
|poke|p2|Bronzong|item
|poke|p2|Victini|item
|teampreview
|c|+ALlCE|lets go chool
|c|+ALlCE|curbstomp this noob
|c|☆Lily|hf
|inactive|Lily has 270 seconds left.
|inactive|choolio IGLESIAS has 270 seconds left.
|raw|<div class="broadcast-red"><strong>Moderated chat was set to ☆!</strong><br />Only users of rank ☆ and higher can talk.</div>
|c|☆choolio IGLESIAS|that was me
|inactive|Lily has 240 seconds left.
|inactive|choolio IGLESIAS has 240 seconds left.
|inactive|Lily has 210 seconds left.
|inactive|choolio IGLESIAS has 210 seconds left.
|
|t:|1642365708
|start
|switch|p1a: Scourge Servants|Azelf|100/100
|switch|p2a: Mienshao|Mienshao, F|100/100
|turn|1
|inactive|Lily has 270 seconds left.
|
|t:|1642365723
|move|p2a: Mienshao|Fake Out|p1a: Scourge Servants
|-damage|p1a: Scourge Servants|75/100
|-damage|p2a: Mienshao|91/100|[from] item: Life Orb
|cant|p1a: Scourge Servants|flinch
|
|upkeep
|turn|2
|
|t:|1642365726
|move|p1a: Scourge Servants|U-turn|p2a: Mienshao
|-resisted|p2a: Mienshao
|-damage|p2a: Mienshao|72/100
|inactive|Lily has 270 seconds left.
|
|t:|1642365739
|switch|p1a: Universal Collapse|Cobalion|100/100|[from]move: U-turn
|move|p2a: Mienshao|U-turn|p1a: Universal Collapse
|-resisted|p1a: Universal Collapse
|-damage|p1a: Universal Collapse|94/100
|-damage|p2a: Mienshao|62/100|[from] item: Life Orb
|
|t:|1642365744
|switch|p2a: Blastoise|Blastoise, M|100/100|[from]move: U-turn
|
|upkeep
|turn|3
|
|t:|1642365749
|move|p1a: Universal Collapse|Swords Dance|p1a: Universal Collapse
|-boost|p1a: Universal Collapse|atk|2
|move|p2a: Blastoise|Scald|p1a: Universal Collapse
|-damage|p1a: Universal Collapse|61/100
|-status|p1a: Universal Collapse|brn
|
|-damage|p1a: Universal Collapse|49/100 brn|[from] brn
|upkeep
|turn|4
|
|t:|1642365759
|switch|p1a: Toxic Wisdom|Roserade, F|100/100
|switch|p2a: Cofagrigus|Cofagrigus, F|100/100
|
|upkeep
|turn|5
|
|t:|1642365763
|switch|p2a: Victini|Victini|100/100
|move|p1a: Toxic Wisdom|Sludge Bomb|p2a: Victini
|-damage|p2a: Victini|61/100
|
|upkeep
|turn|6
|
|t:|1642365766
|switch|p1a: Universal Collapse|Cobalion|49/100 brn
|move|p2a: Victini|U-turn|p1a: Universal Collapse
|-resisted|p1a: Universal Collapse
|-damage|p1a: Universal Collapse|45/100 brn
|
|t:|1642365769
|switch|p2a: Bronzong|Bronzong|100/100|[from]move: U-turn
|
|-damage|p1a: Universal Collapse|32/100 brn|[from] brn
|upkeep
|turn|7
|
|t:|1642365771
|move|p1a: Universal Collapse|Stealth Rock|p2a: Bronzong
|-sidestart|p2: choolio IGLESIAS|move: Stealth Rock
|move|p2a: Bronzong|Stealth Rock|p1a: Universal Collapse
|-sidestart|p1: Lily|move: Stealth Rock
|
|-damage|p1a: Universal Collapse|20/100 brn|[from] brn
|upkeep
|turn|8
|
|t:|1642365774
|switch|p2a: Blastoise|Blastoise, M|100/100
|-damage|p2a: Blastoise|88/100|[from] Stealth Rock
|move|p1a: Universal Collapse|Close Combat|p2a: Blastoise
|-enditem|p1a: Universal Collapse|Fighting Gem|[from] gem
|-damage|p2a: Blastoise|65/100
|-unboost|p1a: Universal Collapse|def|1
|-unboost|p1a: Universal Collapse|spd|1
|
|-heal|p2a: Blastoise|71/100|[from] item: Leftovers
|-damage|p1a: Universal Collapse|8/100 brn|[from] brn
|upkeep
|turn|9
|
|t:|1642365779
|switch|p1a: Toxic Wisdom|Roserade, F|100/100
|-damage|p1a: Toxic Wisdom|88/100|[from] Stealth Rock
|move|p2a: Blastoise|Rapid Spin|p1a: Toxic Wisdom
|-damage|p1a: Toxic Wisdom|83/100
|-sideend|p2: choolio IGLESIAS|Stealth Rock|[from] move: Rapid Spin|[of] p2a: Blastoise
|
|-heal|p1a: Toxic Wisdom|89/100|[from] item: Black Sludge
|-heal|p2a: Blastoise|78/100|[from] item: Leftovers
|upkeep
|turn|10
|
|t:|1642365781
|switch|p2a: Victini|Victini|61/100
|move|p1a: Toxic Wisdom|Spikes|p2a: Victini
|-sidestart|p2: choolio IGLESIAS|Spikes
|
|-heal|p1a: Toxic Wisdom|96/100|[from] item: Black Sludge
|upkeep
|turn|11
|
|t:|1642365785
|switch|p1a: Universal Collapse|Cobalion|8/100 brn
|-damage|p1a: Universal Collapse|5/100 brn|[from] Stealth Rock
|move|p2a: Victini|U-turn|p1a: Universal Collapse
|-resisted|p1a: Universal Collapse
|-crit|p1a: Universal Collapse
|-damage|p1a: Universal Collapse|0 fnt
|faint|p1a: Universal Collapse
|
|t:|1642365788
|switch|p2a: Mienshao|Mienshao, F|96/100|[from]move: U-turn
|-damage|p2a: Mienshao|84/100|[from] Spikes
|
|upkeep
|
|t:|1642365816
|switch|p1a: Scourge Servants|Azelf|75/100
|-damage|p1a: Scourge Servants|63/100|[from] Stealth Rock
|turn|12
|
|t:|1642365819
|move|p2a: Mienshao|Fake Out|p1a: Scourge Servants
|-damage|p1a: Scourge Servants|37/100
|-damage|p2a: Mienshao|74/100|[from] item: Life Orb
|cant|p1a: Scourge Servants|flinch
|
|upkeep
|turn|13
|
|t:|1642365820
|switch|p2a: Bronzong|Bronzong|100/100
|move|p1a: Scourge Servants|Psychic|p2a: Bronzong
|-resisted|p2a: Bronzong
|-damage|p2a: Bronzong|92/100
|
|-heal|p2a: Bronzong|98/100|[from] item: Leftovers
|upkeep
|turn|14
|
|t:|1642365829
|move|p1a: Scourge Servants|Flamethrower|p2a: Bronzong
|-supereffective|p2a: Bronzong
|-damage|p2a: Bronzong|54/100
|move|p2a: Bronzong|Toxic|p1a: Scourge Servants
|-status|p1a: Scourge Servants|tox
|
|-heal|p2a: Bronzong|60/100|[from] item: Leftovers
|-damage|p1a: Scourge Servants|31/100 tox|[from] psn
|upkeep
|turn|15
|
|t:|1642365833
|switch|p2a: Blastoise|Blastoise, M|78/100
|-damage|p2a: Blastoise|65/100|[from] Spikes
|move|p1a: Scourge Servants|U-turn|p2a: Blastoise
|-damage|p2a: Blastoise|52/100
|
|t:|1642365835
|switch|p1a: Fly of Beelzebub|Zapdos|100/100|[from]move: U-turn
|-damage|p1a: Fly of Beelzebub|76/100|[from] Stealth Rock
|-ability|p1a: Fly of Beelzebub|Pressure
|
|-heal|p2a: Blastoise|58/100|[from] item: Leftovers
|upkeep
|turn|16
|
|t:|1642365838
|move|p2a: Blastoise|Protect|p2a: Blastoise
|-singleturn|p2a: Blastoise|Protect
|move|p1a: Fly of Beelzebub|Thunderbolt|p2a: Blastoise
|-activate|p2a: Blastoise|move: Protect
|
|-heal|p2a: Blastoise|64/100|[from] item: Leftovers
|upkeep
|turn|17
|
|t:|1642365840
|switch|p2a: Bronzong|Bronzong|60/100
|move|p1a: Fly of Beelzebub|Thunderbolt|p2a: Bronzong
|-damage|p2a: Bronzong|20/100
|-damage|p1a: Fly of Beelzebub|66/100|[from] item: Life Orb
|
|-heal|p2a: Bronzong|27/100|[from] item: Leftovers
|upkeep
|turn|18
|
|t:|1642365842
|move|p1a: Fly of Beelzebub|Thunderbolt|p2a: Bronzong
|-damage|p2a: Bronzong|0 fnt
|faint|p2a: Bronzong
|-damage|p1a: Fly of Beelzebub|56/100|[from] item: Life Orb
|
|upkeep
|
|t:|1642365844
|switch|p2a: Mienshao|Mienshao, F|100/100
|-damage|p2a: Mienshao|88/100|[from] Spikes
|turn|19
|inactive|Lily has 270 seconds left.
|
|t:|1642365880
|switch|p1a: Step Below Hell|Cofagrigus, M|100/100
|-damage|p1a: Step Below Hell|88/100|[from] Stealth Rock
|move|p2a: Mienshao|Stone Edge|p1a: Step Below Hell|[miss]
|-miss|p2a: Mienshao|p1a: Step Below Hell
|
|-heal|p1a: Step Below Hell|94/100|[from] item: Leftovers
|upkeep
|turn|20
|
|t:|1642365886
|move|p2a: Mienshao|U-turn|p1a: Step Below Hell
|-resisted|p1a: Step Below Hell
|-damage|p1a: Step Below Hell|83/100
|-activate|p1a: Step Below Hell|ability: Mummy|Regenerator|[of] p2a: Mienshao
|-damage|p2a: Mienshao|78/100|[from] item: Life Orb
|
|t:|1642365894
|switch|p2a: Victini|Victini|61/100|[from]move: U-turn
|-damage|p2a: Victini|49/100|[from] Spikes
|move|p1a: Step Below Hell|Nasty Plot|p1a: Step Below Hell
|-boost|p1a: Step Below Hell|spa|2
|
|-heal|p1a: Step Below Hell|89/100|[from] item: Leftovers
|upkeep
|turn|21
|inactive|Lily has 270 seconds left.
|
|t:|1642365923
|move|p2a: Victini|Trick|p1a: Step Below Hell
|-activate|p2a: Victini|move: Trick|[of] p1a: Step Below Hell
|-item|p1a: Step Below Hell|Choice Scarf|[from] move: Trick
|-item|p2a: Victini|Leftovers|[from] move: Trick
|move|p1a: Step Below Hell|Trick Room|p1a: Step Below Hell
|-fieldstart|move: Trick Room|[of] p1a: Step Below Hell
|
|-heal|p2a: Victini|55/100|[from] item: Leftovers
|upkeep
|turn|22
|inactive|Lily has 270 seconds left.
|
|t:|1642365936
|switch|p1a: Scourge Servants|Azelf|31/100 tox
|-damage|p1a: Scourge Servants|19/100 tox|[from] Stealth Rock
|move|p2a: Victini|V-create|p1a: Scourge Servants
|-crit|p1a: Scourge Servants
|-damage|p1a: Scourge Servants|0 fnt
|-unboost|p2a: Victini|spe|1
|-unboost|p2a: Victini|def|1
|-unboost|p2a: Victini|spd|1
|faint|p1a: Scourge Servants
|
|-heal|p2a: Victini|61/100|[from] item: Leftovers
|upkeep
|
|t:|1642365937
|switch|p1a: Step Below Hell|Cofagrigus, M|89/100
|-damage|p1a: Step Below Hell|77/100|[from] Stealth Rock
|turn|23
|
|t:|1642365940
|switch|p2a: Blastoise|Blastoise, M|64/100
|-damage|p2a: Blastoise|52/100|[from] Spikes
|move|p1a: Step Below Hell|Shadow Ball|p2a: Blastoise
|-damage|p2a: Blastoise|18/100
|
|-heal|p2a: Blastoise|25/100|[from] item: Leftovers
|upkeep
|turn|24
|
|t:|1642365953
|move|p2a: Blastoise|Protect|p2a: Blastoise
|-singleturn|p2a: Blastoise|Protect
|move|p1a: Step Below Hell|Shadow Ball|p2a: Blastoise
|-activate|p2a: Blastoise|move: Protect
|
|-heal|p2a: Blastoise|31/100|[from] item: Leftovers
|upkeep
|turn|25
|
|t:|1642365954
|move|p2a: Blastoise|Protect||[still]
|-fail|p2a: Blastoise
|move|p1a: Step Below Hell|Shadow Ball|p2a: Blastoise
|-damage|p2a: Blastoise|0 fnt
|faint|p2a: Blastoise
|
|-fieldend|move: Trick Room
|upkeep
|
|t:|1642365956
|switch|p2a: Weavile|Weavile, M|100/100
|-damage|p2a: Weavile|88/100|[from] Spikes
|-ability|p2a: Weavile|Pressure
|turn|26
|
|t:|1642365963
|switch|p1a: Fly of Beelzebub|Zapdos|56/100
|-damage|p1a: Fly of Beelzebub|31/100|[from] Stealth Rock
|-ability|p1a: Fly of Beelzebub|Pressure
|move|p2a: Weavile|Swords Dance|p2a: Weavile
|-boost|p2a: Weavile|atk|2
|
|upkeep
|turn|27
|
|t:|1642365967
|move|p2a: Weavile|Night Slash|p1a: Fly of Beelzebub
|-crit|p1a: Fly of Beelzebub
|-damage|p1a: Fly of Beelzebub|0 fnt
|faint|p1a: Fly of Beelzebub
|
|upkeep
|
|t:|1642365969
|switch|p1a: Infernal Catharsis|Krookodile, M|100/100
|-damage|p1a: Infernal Catharsis|94/100|[from] Stealth Rock
|-ability|p1a: Infernal Catharsis|Intimidate|boost
|-unboost|p2a: Weavile|atk|1
|turn|28
|
|t:|1642365983
|switch|p2a: Victini|Victini|61/100
|-damage|p2a: Victini|49/100|[from] Spikes
|move|p1a: Infernal Catharsis|Earthquake|p2a: Victini
|-supereffective|p2a: Victini
|-damage|p2a: Victini|0 fnt
|faint|p2a: Victini
|
|upkeep
|
|t:|1642365985
|switch|p2a: Cofagrigus|Cofagrigus, F|100/100
|-damage|p2a: Cofagrigus|88/100|[from] Spikes
|turn|29
|
|t:|1642365990
|switch|p1a: Toxic Wisdom|Roserade, F|96/100
|-damage|p1a: Toxic Wisdom|83/100|[from] Stealth Rock
|move|p2a: Cofagrigus|Nasty Plot|p2a: Cofagrigus
|-boost|p2a: Cofagrigus|spa|2
|
|-heal|p1a: Toxic Wisdom|89/100|[from] item: Black Sludge
|-heal|p2a: Cofagrigus|94/100|[from] item: Leftovers
|upkeep
|turn|30
|
|t:|1642365993
|move|p1a: Toxic Wisdom|Sludge Bomb|p2a: Cofagrigus
|-resisted|p2a: Cofagrigus
|-damage|p2a: Cofagrigus|74/100
|move|p2a: Cofagrigus|Trick Room|p2a: Cofagrigus
|-fieldstart|move: Trick Room|[of] p2a: Cofagrigus
|
|-heal|p2a: Cofagrigus|80/100|[from] item: Leftovers
|-heal|p1a: Toxic Wisdom|96/100|[from] item: Black Sludge
|upkeep
|turn|31
|
|t:|1642365995
|move|p2a: Cofagrigus|Shadow Ball|p1a: Toxic Wisdom
|-damage|p1a: Toxic Wisdom|32/100
|move|p1a: Toxic Wisdom|Giga Drain|p2a: Cofagrigus
|-damage|p2a: Cofagrigus|49/100
|-heal|p1a: Toxic Wisdom|47/100|[from] drain|[of] p2a: Cofagrigus
|
|-heal|p2a: Cofagrigus|55/100|[from] item: Leftovers
|-heal|p1a: Toxic Wisdom|53/100|[from] item: Black Sludge
|upkeep
|turn|32
|
|t:|1642366005
|move|p2a: Cofagrigus|Shadow Ball|p1a: Toxic Wisdom
|-damage|p1a: Toxic Wisdom|0 fnt
|faint|p1a: Toxic Wisdom
|
|-heal|p2a: Cofagrigus|61/100|[from] item: Leftovers
|upkeep
|
|t:|1642366008
|switch|p1a: Infernal Catharsis|Krookodile, M|94/100
|-damage|p1a: Infernal Catharsis|88/100|[from] Stealth Rock
|-ability|p1a: Infernal Catharsis|Intimidate|boost
|-unboost|p2a: Cofagrigus|atk|1
|turn|33
|
|t:|1642366013
|switch|p1a: Step Below Hell|Cofagrigus, M|77/100
|-damage|p1a: Step Below Hell|65/100|[from] Stealth Rock
|move|p2a: Cofagrigus|Shadow Ball|p1a: Step Below Hell
|-supereffective|p1a: Step Below Hell
|-damage|p1a: Step Below Hell|0 fnt
|faint|p1a: Step Below Hell
|
|-heal|p2a: Cofagrigus|67/100|[from] item: Leftovers
|upkeep
|
|t:|1642366016
|switch|p1a: Infernal Catharsis|Krookodile, M|88/100
|-damage|p1a: Infernal Catharsis|82/100|[from] Stealth Rock
|-ability|p1a: Infernal Catharsis|Intimidate|boost
|-unboost|p2a: Cofagrigus|atk|1
|turn|34
|c|☆choolio IGLESIAS|gg
|c|☆Lily|gg
|
|t:|1642366018
|move|p2a: Cofagrigus|Hidden Power|p1a: Infernal Catharsis
|-supereffective|p1a: Infernal Catharsis
|-damage|p1a: Infernal Catharsis|0 fnt
|faint|p1a: Infernal Catharsis
|
|win|choolio IGLESIAS
