|inactive|Battle timer is ON: inactive players will automatically lose when time's up.
|t:|1630714657
|gametype|singles
|player|p1|iss|ethan|
|player|p2|Bughouse|#bughouse|
|teamsize|p1|6
|teamsize|p2|6
|gen|5
|tier|[Gen 5] LC
|rule|Species Clause: Limit one of each Pokémon
|rule|OHKO Clause: OHKO moves are banned
|rule|Moody Clause: Moody is banned
|rule|Evasion Moves Clause: Evasion moves are banned
|rule|Endless Battle Clause: Forcing endless battles is banned
|rule|HP Percentage Mod: HP is shown in percentages
|rule|Sleep Clause: Sleep-inducing moves are banned
|clearpoke
|poke|p1|Mienfoo, L5, M|item
|poke|p1|Natu, L5, M|item
|poke|p1|Diglett, L5, M|item
|poke|p1|Gastly, L5, M|item
|poke|p1|Clamperl, L5, F|item
|poke|p1|Porygon, L5|item
|poke|p2|Gastly, L5, F|item
|poke|p2|Diglett, L5, F|item
|poke|p2|Natu, L5, M|item
|poke|p2|Staryu, L5|item
|poke|p2|Ferroseed, L5, M|item
|poke|p2|Mienfoo, L5, M|item
|teampreview
|c|☆iss|gl!
|c|☆Bughouse|gl hf
|inactive|iss has 270 seconds left.
|inactive|Bughouse has 270 seconds left.
|
|t:|1630714701
|start
|switch|p1a: Mienfoo|Mienfoo, L5, M|100/100
|switch|p2a: Mienfoo|Mienfoo, L5, M|100/100
|turn|1
|
|t:|1630714705
|move|p2a: Mienfoo|Fake Out|p1a: Mienfoo
|-damage|p1a: Mienfoo|87/100
|cant|p1a: Mienfoo|flinch
|
|upkeep
|turn|2
|
|t:|1630714710
|move|p2a: Mienfoo|Knock Off|p1a: Mienfoo
|-resisted|p1a: Mienfoo
|-damage|p1a: Mienfoo|82/100
|-enditem|p1a: Mienfoo|Eviolite|[from] move: Knock Off|[of] p2a: Mienfoo
|move|p1a: Mienfoo|Knock Off|p2a: Mienfoo
|-resisted|p2a: Mienfoo
|-damage|p2a: Mienfoo|96/100
|-enditem|p2a: Mienfoo|Eviolite|[from] move: Knock Off|[of] p1a: Mienfoo
|
|upkeep
|turn|3
|
|t:|1630714735
|move|p2a: Mienfoo|Knock Off|p1a: Mienfoo
|-resisted|p1a: Mienfoo
|-crit|p1a: Mienfoo
|-damage|p1a: Mienfoo|73/100
|move|p1a: Mienfoo|U-turn|p2a: Mienfoo
|-resisted|p2a: Mienfoo
|-damage|p2a: Mienfoo|79/100
|inactive|iss has 270 seconds left.
|inactive|iss has 240 seconds left.
|
|t:|1630714820
|switch|p1a: Diglett|Diglett, L5, M|100/100|[from]move: U-turn
|
|upkeep
|turn|4
|inactive|Bughouse has 270 seconds left.
|inactive|Bughouse has 240 seconds left.
|
|t:|1630714888
|move|p1a: Diglett|Earthquake|p2a: Mienfoo
|-damage|p2a: Mienfoo|0 fnt
|faint|p2a: Mienfoo
|-damage|p1a: Diglett|95/100|[from] item: Life Orb
|
|upkeep
|inactive|Bughouse has 210 seconds left.
|inactive|Bughouse has 180 seconds left.
|inactive|Bughouse has 150 seconds left.
|inactive|Bughouse has 120 seconds left.
|c|+ALlCE|international space sexy
|
|t:|1630715014
|switch|p2a: Staryu|Staryu, L5|100/100
|turn|5
|
|t:|1630715026
|switch|p1a: Porygon|Porygon, L5|100/100
|-ability|p1a: Porygon|Natural Cure|[from] ability: Trace|[of] p2a: Staryu
|move|p2a: Staryu|Scald|p1a: Porygon
|-damage|p1a: Porygon|77/100
|-status|p1a: Porygon|brn
|
|-damage|p1a: Porygon|66/100 brn|[from] brn
|upkeep
|turn|6
|inactive|iss has 240 seconds left.
|
|t:|1630715040
|switch|p2a: Ferroseed|Ferroseed, L5, M|100/100
|move|p1a: Porygon|Thunderbolt|p2a: Ferroseed
|-resisted|p2a: Ferroseed
|-damage|p2a: Ferroseed|91/100
|
|-damage|p1a: Porygon|54/100 brn|[from] brn
|upkeep
|turn|7
|
|t:|1630715054
|switch|p1a: Natu|Natu, L5, M|100/100
|switch|p2a: Gastly|Gastly, L5, F|100/100
|
|upkeep
|turn|8
|inactive|iss has 240 seconds left.
|
|t:|1630715083
|move|p2a: Gastly|Substitute|p2a: Gastly
|-start|p2a: Gastly|Substitute
|-damage|p2a: Gastly|79/100
|move|p1a: Natu|Psychic|p2a: Gastly
|-supereffective|p2a: Gastly
|-end|p2a: Gastly|Substitute
|
|upkeep
|turn|9
|
|t:|1630715097
|move|p2a: Gastly|Substitute|p2a: Gastly
|-start|p2a: Gastly|Substitute
|-damage|p2a: Gastly|58/100
|move|p1a: Natu|U-turn|p2a: Gastly
|-resisted|p2a: Gastly
|-activate|p2a: Gastly|Substitute|[damage]
|
|t:|1630715105
|switch|p1a: Diglett|Diglett, L5, M|95/100|[from]move: U-turn
|
|upkeep
|turn|10
|
|t:|1630715121
|switch|p2a: Ferroseed|Ferroseed, L5, M|91/100
|move|p1a: Diglett|Substitute|p1a: Diglett
|-start|p1a: Diglett|Substitute
|-damage|p1a: Diglett|73/100
|
|upkeep
|turn|11
|
|t:|1630715126
|move|p1a: Diglett|Earthquake|p2a: Ferroseed
|-crit|p2a: Ferroseed
|-damage|p2a: Ferroseed|0 fnt
|faint|p2a: Ferroseed
|-damage|p1a: Diglett|67/100|[from] item: Life Orb
|
|upkeep
|c|☆Bughouse|oh come on
|c|☆Bughouse|double max rolled me to start then that
|inactive|Bughouse has 120 seconds left.
|
|t:|1630715171
|switch|p2a: Natu|Natu, L5, M|100/100
|turn|12
|
|t:|1630715177
|move|p1a: Diglett|Beat Up|p2a: Natu
|-supereffective|p2a: Natu
|-damage|p2a: Natu|87/100
|-supereffective|p2a: Natu
|-damage|p2a: Natu|74/100
|-supereffective|p2a: Natu
|-damage|p2a: Natu|53/100
|-supereffective|p2a: Natu
|-damage|p2a: Natu|40/100
|-supereffective|p2a: Natu
|-damage|p2a: Natu|27/100
|-supereffective|p2a: Natu
|-damage|p2a: Natu|5/100
|-hitcount|p2a: Natu|6
|-damage|p1a: Diglett|62/100|[from] item: Life Orb
|move|p2a: Natu|U-turn|p1a: Diglett
|-end|p1a: Diglett|Substitute
|
|t:|1630715191
|switch|p2a: Diglett|Diglett, L5, F|100/100|[from]move: U-turn
|
|upkeep
|turn|13
|
|t:|1630715213
|move|p2a: Diglett|Sucker Punch|p1a: Diglett
|-damage|p1a: Diglett|0 fnt
|faint|p1a: Diglett
|-damage|p2a: Diglett|95/100|[from] item: Life Orb
|
|upkeep
|
|t:|1630715235
|switch|p1a: Porygon|Porygon, L5|54/100
|-ability|p1a: Porygon|Arena Trap|[from] ability: Trace|[of] p2a: Diglett
|turn|14
|inactive|Bughouse has 90 seconds left.
|
|t:|1630715259
|move|p2a: Diglett|Earthquake|p1a: Porygon
|-damage|p1a: Porygon|8/100
|-damage|p2a: Diglett|89/100|[from] item: Life Orb
|move|p1a: Porygon|Ice Beam|p2a: Diglett
|-supereffective|p2a: Diglett
|-damage|p2a: Diglett|0 fnt
|faint|p2a: Diglett
|
|upkeep
|inactive|Bughouse has 90 seconds left.
|inactive|Bughouse has 60 seconds left.
|
|t:|1630715296
|switch|p2a: Staryu|Staryu, L5|100/100
|turn|15
|inactive|iss has 240 seconds left.
|inactive|iss has 210 seconds left.
|inactive|iss has 180 seconds left.
|
|t:|1630715395
|move|p2a: Staryu|Scald|p1a: Porygon
|-damage|p1a: Porygon|0 fnt
|faint|p1a: Porygon
|
|upkeep
|
|t:|1630715398
|switch|p1a: Clamperl|Clamperl, L5, F|100/100
|turn|16
|
|t:|1630715410
|move|p2a: Staryu|Thunderbolt|p1a: Clamperl
|-supereffective|p1a: Clamperl
|-damage|p1a: Clamperl|0 fnt
|faint|p1a: Clamperl
|
|upkeep
|inactive|iss has 180 seconds left.
|inactive|iss has 150 seconds left.
|inactive|iss has 120 seconds left.
|
|t:|1630715505
|switch|p1a: Natu|Natu, L5, M|100/100
|turn|17
|
|t:|1630715519
|move|p2a: Staryu|Thunderbolt|p1a: Natu
|-supereffective|p1a: Natu
|-damage|p1a: Natu|40/100
|move|p1a: Natu|Psychic|p2a: Staryu
|-damage|p2a: Staryu|65/100
|
|upkeep
|turn|18
|
|t:|1630715535
|move|p2a: Staryu|Thunderbolt|p1a: Natu
|-supereffective|p1a: Natu
|-damage|p1a: Natu|0 fnt
|faint|p1a: Natu
|
|upkeep
|
|t:|1630715540
|switch|p1a: Mienfoo|Mienfoo, L5, M|100/100
|turn|19
|inactive|Bughouse has 90 seconds left.
|inactive|iss has 90 seconds left.
|
|t:|1630715562
|switch|p2a: Gastly|Gastly, L5, F|58/100
|move|p1a: Mienfoo|U-turn|p2a: Gastly
|-resisted|p2a: Gastly
|-damage|p2a: Gastly|48/100
|
|t:|1630715564
|switch|p1a: Gastly|Gastly, L5, M|100/100|[from]move: U-turn
|
|upkeep
|turn|20
|inactive|Bughouse has 90 seconds left.
|inactive|Bughouse has 60 seconds left.
|
|t:|1630715614
|move|p1a: Gastly|Shadow Ball|p2a: Gastly
|-supereffective|p2a: Gastly
|-damage|p2a: Gastly|0 fnt
|faint|p2a: Gastly
|
|upkeep
|
|t:|1630715622
|switch|p2a: Staryu|Staryu, L5|65/100
|turn|21
|inactive|Bughouse has 60 seconds left.
|inactive|iss has 90 seconds left.
|inactive|Bughouse has 30 seconds left.
|inactive|Bughouse has 20 seconds left.
|inactive|Bughouse has 15 seconds left.
|
|t:|1630715675
|switch|p1a: Mienfoo|Mienfoo, L5, M|100/100
|move|p2a: Staryu|Thunderbolt|p1a: Mienfoo
|-crit|p1a: Mienfoo
|-damage|p1a: Mienfoo|23/100
|
|upkeep
|turn|22
|inactive|Bughouse has 25 seconds left this turn.
|
|t:|1630715681
|move|p1a: Mienfoo|Fake Out|p2a: Staryu
|-damage|p2a: Staryu|50/100
|cant|p2a: Staryu|flinch
|
|upkeep
|turn|23
|inactive|Bughouse has 30 seconds left.
|
|t:|1630715694
|move|p2a: Staryu|Recover|p2a: Staryu
|-heal|p2a: Staryu|100/100
|move|p1a: Mienfoo|High Jump Kick|p2a: Staryu|[miss]
|-miss|p1a: Mienfoo|p2a: Staryu
|-damage|p1a: Mienfoo|0 fnt|[from] highjumpkick
|faint|p1a: Mienfoo
|
|upkeep
|inactive|Bughouse has 30 seconds left this turn.
|
|t:|1630715703
|switch|p1a: Gastly|Gastly, L5, M|100/100
|turn|24
|inactive|iss has 90 seconds left.
|inactive|Bughouse has 30 seconds left.
|
|t:|1630715713
|move|p2a: Staryu|Thunderbolt|p1a: Gastly
|-damage|p1a: Gastly|58/100
|move|p1a: Gastly|Shadow Ball|p2a: Staryu
|-damage|p2a: Staryu|50/100
|
|upkeep
|turn|25
|
|t:|1630715720
|move|p2a: Staryu|Scald|p1a: Gastly
|-damage|p1a: Gastly|15/100
|-status|p1a: Gastly|brn
|move|p1a: Gastly|Shadow Ball|p2a: Staryu
|-damage|p2a: Staryu|0 fnt
|faint|p2a: Staryu
|
|-damage|p1a: Gastly|5/100 brn|[from] brn
|upkeep
|c|☆Bughouse|lol what
|inactive|Bughouse has 30 seconds left.
|inactive|Bughouse has 20 seconds left.
|inactive|Bughouse has 15 seconds left.
|c|☆Bughouse|gg i guess
|
|t:|1630715748
|switch|p2a: Natu|Natu, L5, M|5/100
|turn|26
|inactive|Bughouse has 25 seconds left this turn.
|inactive|Bughouse has 20 seconds left.
|
|t:|1630715758
|move|p1a: Gastly|Shadow Ball|p2a: Natu
|-supereffective|p2a: Natu
|-damage|p2a: Natu|0 fnt
|faint|p2a: Natu
|
|win|iss
|inactive|Bughouse has 25 seconds left this turn.
|c|☆iss|gg
