|inactive|Battle timer is ON: inactive players will automatically lose when time's up.
|t:|1640035803
|gametype|singles
|player|p1|watashi|#flcl|
|player|p2|Somalia|drayden|
|teamsize|p1|6
|teamsize|p2|6
|gen|5
|tier|[Gen 5] NU
|rule|Species Clause: Limit one of each Pokémon
|rule|OHKO Clause: OHKO moves are banned
|rule|Moody Clause: Moody is banned
|rule|Evasion Moves Clause: Evasion moves are banned
|rule|Endless Battle Clause: Forcing endless battles is banned
|rule|HP Percentage Mod: HP is shown in percentages
|rule|Evasion Abilities Clause: Evasion abilities are banned
|rule|Swagger Clause: Swagger is banned
|rule|Baton Pass Clause: Limit one Baton Passer, can't pass Spe and other stats simultaneously
|rule|Sleep Clause Mod: Limit one foe put to sleep
|clearpoke
|poke|p1|Seismitoad, M|item
|poke|p1|Garbodor, F|item
|poke|p1|Misdreavus, M|item
|poke|p1|Serperior, F|item
|poke|p1|Skuntank, M|item
|poke|p1|Rotom-Frost|item
|poke|p2|Natu, M|item
|poke|p2|Alomomola, M|item
|poke|p2|Garbodor, F|item
|poke|p2|Piloswine, M|item
|poke|p2|Mandibuzz, F|item
|poke|p2|Kangaskhan, F|item
|teampreview
|c|☆Somalia|hf brother
|c|☆watashi|u2
|inactive|Somalia has 270 seconds left.
|
|t:|1640035862
|start
|switch|p1a: Garbodor|Garbodor, F|100/100
|switch|p2a: IRON FINGERS|Kangaskhan, F|100/100
|turn|1
|
|t:|1640035874
|move|p2a: IRON FINGERS|Fake Out|p1a: Garbodor
|-damage|p1a: Garbodor|88/100
|-damage|p2a: IRON FINGERS|84/100|[from] item: Rocky Helmet|[of] p1a: Garbodor
|cant|p1a: Garbodor|flinch
|
|-heal|p2a: IRON FINGERS|90/100|[from] item: Leftovers
|upkeep
|turn|2
|
|t:|1640035881
|switch|p2a: WEEPING WILLOW|Natu, M, shiny|100/100
|move|p1a: Garbodor|Sludge Bomb|p2a: WEEPING WILLOW
|-damage|p2a: WEEPING WILLOW|72/100
|-status|p2a: WEEPING WILLOW|psn
|
|-damage|p2a: WEEPING WILLOW|60/100 psn|[from] psn
|upkeep
|turn|3
|
|t:|1640035889
|move|p1a: Garbodor|Sludge Bomb|p2a: WEEPING WILLOW
|-damage|p2a: WEEPING WILLOW|29/100 psn
|move|p2a: WEEPING WILLOW|Roost|p2a: WEEPING WILLOW
|-heal|p2a: WEEPING WILLOW|79/100 psn
|-singleturn|p2a: WEEPING WILLOW|move: Roost
|
|-damage|p2a: WEEPING WILLOW|67/100 psn|[from] psn
|upkeep
|turn|4
|
|t:|1640035896
|switch|p1a: Skuntank|Skuntank, M|100/100
|move|p2a: WEEPING WILLOW|Roost|p2a: WEEPING WILLOW
|-heal|p2a: WEEPING WILLOW|100/100 psn
|-singleturn|p2a: WEEPING WILLOW|move: Roost
|
|-damage|p2a: WEEPING WILLOW|88/100 psn|[from] psn
|upkeep
|turn|5
|
|t:|1640035902
|-activate|p2a: WEEPING WILLOW|move: Pursuit
|move|p1a: Skuntank|Pursuit|p2a: WEEPING WILLOW|[from]Pursuit
|-supereffective|p2a: WEEPING WILLOW
|-damage|p2a: WEEPING WILLOW|18/100 psn
|switch|p2a: EARTH SHRINKING|Piloswine, M|100/100
|
|upkeep
|turn|6
|
|t:|1640035909
|switch|p1a: Seismitoad|Seismitoad, M|100/100
|move|p2a: EARTH SHRINKING|Stealth Rock|p1a: Seismitoad
|-sidestart|p1: watashi|move: Stealth Rock
|
|upkeep
|turn|7
|
|t:|1640035915
|switch|p2a: WEEPING WILLOW|Natu, M, shiny|18/100 psn
|move|p1a: Seismitoad|Stealth Rock|p2a: WEEPING WILLOW
|move|p2a: WEEPING WILLOW|Stealth Rock||[from]ability: Magic Bounce|[still]
|-fail|p2a: WEEPING WILLOW
|
|-damage|p2a: WEEPING WILLOW|6/100 psn|[from] psn
|upkeep
|turn|8
|
|t:|1640035929
|switch|p2a: DEMONS BANE|Mandibuzz, F|100/100
|move|p1a: Seismitoad|Hydro Pump|p2a: DEMONS BANE
|-enditem|p1a: Seismitoad|Water Gem|[from] gem
|-damage|p2a: DEMONS BANE|38/100
|
|-heal|p2a: DEMONS BANE|44/100|[from] item: Leftovers
|upkeep
|turn|9
|c|☆Somalia|...
|
|t:|1640035943
|move|p1a: Seismitoad|Stealth Rock|p2a: DEMONS BANE
|-sidestart|p2: Somalia|move: Stealth Rock
|move|p2a: DEMONS BANE|Toxic|p1a: Seismitoad
|-status|p1a: Seismitoad|tox
|
|-heal|p2a: DEMONS BANE|50/100|[from] item: Leftovers
|-damage|p1a: Seismitoad|95/100 tox|[from] psn
|upkeep
|turn|10
|
|t:|1640035953
|switch|p1a: Garbodor|Garbodor, F|88/100
|-damage|p1a: Garbodor|76/100|[from] Stealth Rock
|move|p2a: DEMONS BANE|Toxic|p1a: Garbodor
|-immune|p1a: Garbodor
|
|-heal|p2a: DEMONS BANE|56/100|[from] item: Leftovers
|upkeep
|turn|11
|
|t:|1640035959
|move|p2a: DEMONS BANE|Taunt|p1a: Garbodor
|-start|p1a: Garbodor|move: Taunt
|cant|p1a: Garbodor|move: Taunt|Spikes
|
|-heal|p2a: DEMONS BANE|62/100|[from] item: Leftovers
|upkeep
|turn|12
|
|t:|1640035972
|move|p2a: DEMONS BANE|Roost|p2a: DEMONS BANE
|-heal|p2a: DEMONS BANE|100/100
|-singleturn|p2a: DEMONS BANE|move: Roost
|move|p1a: Garbodor|Sludge Bomb|p2a: DEMONS BANE
|-damage|p2a: DEMONS BANE|83/100
|
|-heal|p2a: DEMONS BANE|89/100|[from] item: Leftovers
|upkeep
|turn|13
|
|t:|1640035979
|switch|p2a: ADAMANTINE KATA|Garbodor, F|100/100
|-damage|p2a: ADAMANTINE KATA|88/100|[from] Stealth Rock
|move|p1a: Garbodor|Sludge Bomb|p2a: ADAMANTINE KATA
|-resisted|p2a: ADAMANTINE KATA
|-damage|p2a: ADAMANTINE KATA|77/100
|
|-end|p1a: Garbodor|move: Taunt
|upkeep
|turn|14
|
|t:|1640035983
|move|p1a: Garbodor|Spikes|p2a: ADAMANTINE KATA
|-sidestart|p2: Somalia|Spikes
|move|p2a: ADAMANTINE KATA|Spikes|p1a: Garbodor
|-sidestart|p1: watashi|Spikes
|
|upkeep
|turn|15
|
|t:|1640035986
|move|p2a: ADAMANTINE KATA|Spikes|p1a: Garbodor
|-sidestart|p1: watashi|Spikes
|move|p1a: Garbodor|Spikes|p2a: ADAMANTINE KATA
|-sidestart|p2: Somalia|Spikes
|
|upkeep
|turn|16
|
|t:|1640035989
|move|p2a: ADAMANTINE KATA|Spikes|p1a: Garbodor
|-sidestart|p1: watashi|Spikes
|move|p1a: Garbodor|Spikes|p2a: ADAMANTINE KATA
|-sidestart|p2: Somalia|Spikes
|
|upkeep
|turn|17
|
|t:|1640036010
|move|p2a: ADAMANTINE KATA|Gunk Shot|p1a: Garbodor|[miss]
|-miss|p2a: ADAMANTINE KATA|p1a: Garbodor
|move|p1a: Garbodor|Toxic Spikes|p2a: ADAMANTINE KATA
|-sidestart|p2: Somalia|move: Toxic Spikes
|
|upkeep
|turn|18
|
|t:|1640036014
|move|p1a: Garbodor|Sludge Bomb|p2a: ADAMANTINE KATA
|-resisted|p2a: ADAMANTINE KATA
|-damage|p2a: ADAMANTINE KATA|66/100
|move|p2a: ADAMANTINE KATA|Gunk Shot|p1a: Garbodor
|-resisted|p1a: Garbodor
|-damage|p1a: Garbodor|59/100
|
|upkeep
|turn|19
|
|t:|1640036024
|move|p1a: Garbodor|Sludge Bomb|p2a: ADAMANTINE KATA
|-resisted|p2a: ADAMANTINE KATA
|-damage|p2a: ADAMANTINE KATA|54/100
|move|p2a: ADAMANTINE KATA|Gunk Shot|p1a: Garbodor
|-resisted|p1a: Garbodor
|-damage|p1a: Garbodor|43/100
|
|upkeep
|turn|20
|
|t:|1640036030
|move|p1a: Garbodor|Sludge Bomb|p2a: ADAMANTINE KATA
|-resisted|p2a: ADAMANTINE KATA
|-damage|p2a: ADAMANTINE KATA|44/100
|move|p2a: ADAMANTINE KATA|Gunk Shot|p1a: Garbodor
|-resisted|p1a: Garbodor
|-damage|p1a: Garbodor|27/100
|
|upkeep
|turn|21
|
|t:|1640036035
|move|p2a: ADAMANTINE KATA|Gunk Shot|p1a: Garbodor
|-resisted|p1a: Garbodor
|-damage|p1a: Garbodor|13/100
|move|p1a: Garbodor|Pain Split|p2a: ADAMANTINE KATA
|-sethp|p2a: ADAMANTINE KATA|28/100|[from] move: Pain Split|[silent]
|-sethp|p1a: Garbodor|28/100|[from] move: Pain Split
|
|upkeep
|turn|22
|
|t:|1640036043
|move|p2a: ADAMANTINE KATA|Gunk Shot|p1a: Garbodor
|-resisted|p1a: Garbodor
|-damage|p1a: Garbodor|12/100
|move|p1a: Garbodor|Sludge Bomb|p2a: ADAMANTINE KATA
|-resisted|p2a: ADAMANTINE KATA
|-damage|p2a: ADAMANTINE KATA|17/100
|
|upkeep
|turn|23
|
|t:|1640036051
|move|p2a: ADAMANTINE KATA|Gunk Shot|p1a: Garbodor|[miss]
|-miss|p2a: ADAMANTINE KATA|p1a: Garbodor
|move|p1a: Garbodor|Sludge Bomb|p2a: ADAMANTINE KATA
|-resisted|p2a: ADAMANTINE KATA
|-damage|p2a: ADAMANTINE KATA|6/100
|
|upkeep
|turn|24
|
|t:|1640036061
|move|p1a: Garbodor|Toxic Spikes|p2a: ADAMANTINE KATA
|-sidestart|p2: Somalia|move: Toxic Spikes
|move|p2a: ADAMANTINE KATA|Gunk Shot|p1a: Garbodor
|-resisted|p1a: Garbodor
|-damage|p1a: Garbodor|0 fnt
|faint|p1a: Garbodor
|
|upkeep
|c|☆Somalia|rest early bird kanga bro
|
|t:|1640036082
|switch|p1a: Rotom|Rotom-Frost|100/100
|-damage|p1a: Rotom|76/100|[from] Stealth Rock
|turn|25
|
|t:|1640036093
|move|p1a: Rotom|Thunderbolt|p2a: ADAMANTINE KATA
|-damage|p2a: ADAMANTINE KATA|0 fnt
|faint|p2a: ADAMANTINE KATA
|
|upkeep
|inactive|Somalia has 270 seconds left.
|
|t:|1640036120
|switch|p2a: IRON FINGERS|Kangaskhan, F|90/100
|-status|p2a: IRON FINGERS|tox
|-damage|p2a: IRON FINGERS|78/100 tox|[from] Stealth Rock
|-damage|p2a: IRON FINGERS|53/100 tox|[from] Spikes
|turn|26
|
|t:|1640036127
|move|p1a: Rotom|Thunderbolt|p2a: IRON FINGERS
|-damage|p2a: IRON FINGERS|24/100 tox
|move|p2a: IRON FINGERS|Wish|p2a: IRON FINGERS
|
|-heal|p2a: IRON FINGERS|30/100 tox|[from] item: Leftovers
|-damage|p2a: IRON FINGERS|24/100 tox|[from] psn
|upkeep
|turn|27
|
|t:|1640036135
|move|p1a: Rotom|Thunderbolt|p2a: IRON FINGERS
|-damage|p2a: IRON FINGERS|0 fnt
|faint|p2a: IRON FINGERS
|
|upkeep
|
|t:|1640036138
|switch|p2a: WEEPING WILLOW|Natu, M, shiny|6/100 psn
|-damage|p2a: WEEPING WILLOW|0 fnt|[from] Stealth Rock
|faint|p2a: WEEPING WILLOW
|
|t:|1640036141
|switch|p2a: JELLYFISH CLUTCH|Alomomola, M, shiny|100/100
|-damage|p2a: JELLYFISH CLUTCH|76/100|[from] Spikes
|-damage|p2a: JELLYFISH CLUTCH|63/100|[from] Stealth Rock
|-status|p2a: JELLYFISH CLUTCH|tox
|turn|28
|
|t:|1640036145
|move|p1a: Rotom|Thunderbolt|p2a: JELLYFISH CLUTCH
|-supereffective|p2a: JELLYFISH CLUTCH
|-damage|p2a: JELLYFISH CLUTCH|0 fnt
|faint|p2a: JELLYFISH CLUTCH
|
|upkeep
|-message|Somalia forfeited.
|
|win|watashi
