|inactive|Battle timer is ON: inactive players will automatically lose when time's up.
|t:|1639080286
|gametype|singles
|player|p1|F i l l e|#scl1breakers|
|player|p2|Hockey1|blue-gen3|
|teamsize|p1|6
|teamsize|p2|6
|gen|5
|tier|[Gen 5] LC
|rule|Species Clause: Limit one of each Pokémon
|rule|OHKO Clause: OHKO moves are banned
|rule|Moody Clause: Moody is banned
|rule|Evasion Moves Clause: Evasion moves are banned
|rule|Endless Battle Clause: Forcing endless battles is banned
|rule|HP Percentage Mod: HP is shown in percentages
|rule|Sleep Clause: Sleep-inducing moves are banned
|clearpoke
|poke|p1|Doduo, L5, M|item
|poke|p1|Mienfoo, L5, F|item
|poke|p1|Natu, L5, M|item
|poke|p1|Chinchou, L5, F|item
|poke|p1|Porygon, L5|item
|poke|p1|Diglett, L5, M|item
|poke|p2|Gastly, L5, M|item
|poke|p2|Drifloon, L5, F|item
|poke|p2|Trapinch, L5, M|item
|poke|p2|Ferroseed, L5, M|item
|poke|p2|Magnemite, L5|item
|poke|p2|Abra, L5, M|item
|teampreview
|c|☆F i l l e|HF!
|c|☆Hockey1|u2
|inactive|F i l l e has 270 seconds left.
|inactive|Hockey1 has 270 seconds left.
|c|☆F i l l e|I hope you've changed some fucking sets
|inactive|F i l l e has 240 seconds left.
|inactive|Hockey1 has 240 seconds left.
|c|☆Hockey1|idk have I
|
|t:|1639080370
|start
|switch|p1a: Doduo|Doduo, L5, M|100/100
|switch|p2a: Magnemite|Magnemite, L5|100/100
|turn|1
|c|+Kipkluif|ALLE MENSCHEN WERDEN BRÜDER
|inactive|Hockey1 has 270 seconds left.
|
|t:|1639080393
|switch|p1a: Porygon|Porygon, L5|100/100
|-ability|p1a: Porygon|Magnet Pull|[from] ability: Trace|[of] p2a: Magnemite
|move|p2a: Magnemite|Flash Cannon|p1a: Porygon
|-damage|p1a: Porygon|66/100
|
|upkeep
|turn|2
|
|t:|1639080400
|move|p2a: Magnemite|Flash Cannon|p1a: Porygon
|-damage|p1a: Porygon|31/100
|move|p1a: Porygon|Recover|p1a: Porygon
|-heal|p1a: Porygon|81/100
|
|upkeep
|turn|3
|
|t:|1639080404
|move|p2a: Magnemite|Flash Cannon|p1a: Porygon
|-damage|p1a: Porygon|54/100
|move|p1a: Porygon|Recover|p1a: Porygon
|-heal|p1a: Porygon|100/100
|
|upkeep
|turn|4
|
|t:|1639080407
|move|p2a: Magnemite|Flash Cannon|p1a: Porygon
|-damage|p1a: Porygon|74/100
|move|p1a: Porygon|Tri Attack|p2a: Magnemite
|-resisted|p2a: Magnemite
|-damage|p2a: Magnemite|69/100
|
|upkeep
|turn|5
|
|t:|1639080412
|move|p2a: Magnemite|Flash Cannon|p1a: Porygon
|-damage|p1a: Porygon|47/100
|move|p1a: Porygon|Recover|p1a: Porygon
|-heal|p1a: Porygon|97/100
|
|upkeep
|turn|6
|
|t:|1639080416
|move|p2a: Magnemite|Flash Cannon|p1a: Porygon
|-crit|p1a: Porygon
|-damage|p1a: Porygon|35/100
|move|p1a: Porygon|Tri Attack|p2a: Magnemite
|-resisted|p2a: Magnemite
|-damage|p2a: Magnemite|37/100
|
|upkeep
|turn|7
|
|t:|1639080420
|move|p2a: Magnemite|Flash Cannon|p1a: Porygon
|-damage|p1a: Porygon|8/100
|move|p1a: Porygon|Recover|p1a: Porygon
|-heal|p1a: Porygon|58/100
|
|upkeep
|turn|8
|
|t:|1639080425
|move|p2a: Magnemite|Flash Cannon|p1a: Porygon
|-damage|p1a: Porygon|31/100
|move|p1a: Porygon|Recover|p1a: Porygon
|-heal|p1a: Porygon|81/100
|
|upkeep
|turn|9
|
|t:|1639080428
|move|p2a: Magnemite|Flash Cannon|p1a: Porygon
|-damage|p1a: Porygon|54/100
|move|p1a: Porygon|Recover|p1a: Porygon
|-heal|p1a: Porygon|100/100
|
|upkeep
|turn|10
|
|t:|1639080432
|move|p2a: Magnemite|Flash Cannon|p1a: Porygon
|-damage|p1a: Porygon|74/100
|move|p1a: Porygon|Tri Attack|p2a: Magnemite
|-resisted|p2a: Magnemite
|-crit|p2a: Magnemite
|-damage|p2a: Magnemite|0 fnt
|faint|p2a: Magnemite
|
|upkeep
|inactive|Hockey1 has 270 seconds left.
|
|t:|1639080470
|switch|p2a: Ferroseed|Ferroseed, L5, M|100/100
|turn|11
|inactive|Hockey1 has 270 seconds left.
|
|t:|1639080481
|switch|p1a: Natu|Natu, L5, M|100/100
|move|p2a: Ferroseed|Stealth Rock|p1a: Natu
|move|p1a: Natu|Stealth Rock|p2a: Ferroseed|[from]ability: Magic Bounce
|-sidestart|p2: Hockey1|move: Stealth Rock
|
|upkeep
|turn|12
|
|t:|1639080495
|move|p1a: Natu|Psychic|p2a: Ferroseed
|-resisted|p2a: Ferroseed
|-damage|p2a: Ferroseed|87/100
|move|p2a: Ferroseed|Thunderbolt|p1a: Natu
|-supereffective|p1a: Natu
|-crit|p1a: Natu
|-damage|p1a: Natu|14/100
|
|upkeep
|turn|13
|
|t:|1639080501
|move|p1a: Natu|Roost|p1a: Natu
|-heal|p1a: Natu|66/100
|-singleturn|p1a: Natu|move: Roost
|move|p2a: Ferroseed|Stealth Rock|p1a: Natu
|move|p1a: Natu|Stealth Rock||[from]ability: Magic Bounce|[still]
|-fail|p1a: Natu
|
|upkeep
|turn|14
|
|t:|1639080508
|move|p1a: Natu|Wish|p1a: Natu
|move|p2a: Ferroseed|Thunderbolt|p1a: Natu
|-supereffective|p1a: Natu
|-damage|p1a: Natu|22/100
|-status|p1a: Natu|par
|
|upkeep
|turn|15
|
|t:|1639080530
|switch|p2a: Abra|Abra, L5, M|100/100
|move|p1a: Natu|Roost|p1a: Natu
|-heal|p1a: Natu|74/100 par
|-singleturn|p1a: Natu|move: Roost
|
|-heal|p1a: Natu|100/100 par|[from] move: Wish|[wisher] Natu
|upkeep
|turn|16
|inactive|Hockey1 has 270 seconds left.
|
|t:|1639080568
|move|p2a: Abra|Shadow Ball|p1a: Natu
|-supereffective|p1a: Natu
|-damage|p1a: Natu|40/100 par
|cant|p1a: Natu|par
|
|upkeep
|turn|17
|
|t:|1639080590
|move|p2a: Abra|Shadow Ball|p1a: Natu
|-supereffective|p1a: Natu
|-damage|p1a: Natu|0 fnt
|faint|p1a: Natu
|
|upkeep
|
|t:|1639080594
|switch|p1a: Diglett|Diglett, L5, M|100/100
|turn|18
|
|t:|1639080599
|switch|p2a: Ferroseed|Ferroseed, L5, M|87/100
|-damage|p2a: Ferroseed|82/100|[from] Stealth Rock
|move|p1a: Diglett|Beat Up|p2a: Ferroseed
|-resisted|p2a: Ferroseed
|-damage|p2a: Ferroseed|78/100
|-resisted|p2a: Ferroseed
|-damage|p2a: Ferroseed|73/100
|-resisted|p2a: Ferroseed
|-damage|p2a: Ferroseed|69/100
|-resisted|p2a: Ferroseed
|-damage|p2a: Ferroseed|64/100
|-resisted|p2a: Ferroseed
|-damage|p2a: Ferroseed|60/100
|-hitcount|p2a: Ferroseed|5
|-damage|p1a: Diglett|95/100|[from] item: Life Orb
|
|upkeep
|turn|19
|inactive|Hockey1 has 270 seconds left.
|inactive|F i l l e has 270 seconds left.
|
|t:|1639080633
|switch|p1a: Mienfoo|Mienfoo, L5, F|100/100
|move|p2a: Ferroseed|Giga Drain|p1a: Mienfoo
|-damage|p1a: Mienfoo|83/100
|-heal|p2a: Ferroseed|69/100|[from] drain|[of] p1a: Mienfoo
|
|upkeep
|turn|20
|inactive|Hockey1 has 270 seconds left.
|inactive|F i l l e has 270 seconds left.
|
|t:|1639080644
|switch|p2a: Gastly|Gastly, L5, M|100/100
|-damage|p2a: Gastly|90/100|[from] Stealth Rock
|move|p1a: Mienfoo|High Jump Kick|p2a: Gastly
|-immune|p2a: Gastly
|-damage|p1a: Mienfoo|35/100|[from] highjumpkick
|
|upkeep
|turn|21
|inactive|F i l l e has 270 seconds left.
|
|t:|1639080656
|move|p2a: Gastly|Sludge Bomb|p1a: Mienfoo
|-damage|p1a: Mienfoo|0 fnt
|faint|p1a: Mienfoo
|-damage|p2a: Gastly|85/100|[from] item: Life Orb
|
|upkeep
|inactive|F i l l e has 270 seconds left.
|inactive|F i l l e has 240 seconds left.
|inactive|F i l l e has 210 seconds left.
|
|t:|1639080746
|switch|p1a: Diglett|Diglett, L5, M|95/100
|turn|22
|inactive|Hockey1 has 270 seconds left.
|inactive|Hockey1 has 240 seconds left.
|inactive|Hockey1 has 210 seconds left.
|inactive|Hockey1 has 180 seconds left.
|inactive|Hockey1 has 150 seconds left.
|inactive|Hockey1 has 120 seconds left.
|inactive|Hockey1 has 90 seconds left.
|
|t:|1639080967
|move|p1a: Diglett|Pursuit|p2a: Gastly
|-supereffective|p2a: Gastly
|-damage|p2a: Gastly|16/100
|-damage|p1a: Diglett|89/100|[from] item: Life Orb
|move|p2a: Gastly|Sludge Bomb|p1a: Diglett
|-resisted|p1a: Diglett
|-damage|p1a: Diglett|23/100
|-damage|p2a: Gastly|11/100|[from] item: Life Orb
|
|upkeep
|turn|23
|c|☆Hockey1|shit
|c|☆Hockey1|I meant to
|inactive|Hockey1 has 60 seconds left.
|c|☆Hockey1|sball
|c|☆Hockey1|L
|
|t:|1639080991
|move|p1a: Diglett|Pursuit|p2a: Gastly
|-supereffective|p2a: Gastly
|-damage|p2a: Gastly|0 fnt
|faint|p2a: Gastly
|-damage|p1a: Diglett|17/100|[from] item: Life Orb
|
|upkeep
|
|t:|1639080995
|switch|p2a: michael|Trapinch, L5, M|100/100
|-damage|p2a: michael|96/100|[from] Stealth Rock
|turn|24
|
|t:|1639080998
|move|p2a: michael|Feint|p1a: Diglett
|-damage|p1a: Diglett|0 fnt
|faint|p1a: Diglett
|
|upkeep
|inactive|F i l l e has 180 seconds left.
|c|☆F i l l e|eh
|c|☆F i l l e|only had a 6.3% chance to matter what you clicked
|inactive|F i l l e has 150 seconds left.
|c|☆Hockey1|yh and I died to rocks anyway
|
|t:|1639081084
|switch|p1a: Porygon|Porygon, L5|74/100
|-ability|p1a: Porygon|Arena Trap|[from] ability: Trace|[of] p2a: michael
|turn|25
|inactive|F i l l e has 120 seconds left.
|inactive|Hockey1 has 60 seconds left.
|
|t:|1639081128
|move|p1a: Porygon|Toxic|p2a: michael
|-status|p2a: michael|tox
|move|p2a: michael|Earthquake|p1a: Porygon
|-damage|p1a: Porygon|39/100
|
|-damage|p2a: michael|91/100 tox|[from] psn
|upkeep
|turn|26
|inactive|Hockey1 has 60 seconds left.
|
|t:|1639081144
|move|p1a: Porygon|Recover|p1a: Porygon
|-heal|p1a: Porygon|89/100
|move|p2a: michael|Earthquake|p1a: Porygon
|-damage|p1a: Porygon|50/100
|
|-damage|p2a: michael|82/100 tox|[from] psn
|upkeep
|turn|27
|inactive|F i l l e has 120 seconds left.
|
|t:|1639081150
|move|p1a: Porygon|Recover|p1a: Porygon
|-heal|p1a: Porygon|100/100
|move|p2a: michael|Earthquake|p1a: Porygon
|-crit|p1a: Porygon
|-damage|p1a: Porygon|16/100
|
|-damage|p2a: michael|69/100 tox|[from] psn
|upkeep
|turn|28
|inactive|Hockey1 has 60 seconds left.
|
|t:|1639081170
|move|p1a: Porygon|Recover|p1a: Porygon
|-heal|p1a: Porygon|66/100
|move|p2a: michael|Superpower|p1a: Porygon
|-supereffective|p1a: Porygon
|-damage|p1a: Porygon|4/100
|-unboost|p2a: michael|atk|1
|-unboost|p2a: michael|def|1
|
|-damage|p2a: michael|50/100 tox|[from] psn
|upkeep
|turn|29
|
|t:|1639081183
|move|p2a: michael|Feint|p1a: Porygon
|-damage|p1a: Porygon|0 fnt
|faint|p1a: Porygon
|
|-damage|p2a: michael|28/100 tox|[from] psn
|upkeep
|inactive|F i l l e has 120 seconds left.
|inactive|F i l l e has 90 seconds left.
|
|t:|1639081240
|switch|p1a: Doduo|Doduo, L5, M|100/100
|turn|30
|inactive|Hockey1 has 60 seconds left.
|
|t:|1639081254
|move|p2a: michael|Feint|p1a: Doduo
|-damage|p1a: Doduo|85/100
|move|p1a: Doduo|Brave Bird|p2a: michael
|-damage|p2a: michael|0 fnt
|faint|p2a: michael
|-damage|p1a: Doduo|75/100|[from] Recoil
|
|upkeep
|inactive|Hockey1 has 60 seconds left.
|
|t:|1639081288
|switch|p2a: Ferroseed|Ferroseed, L5, M|69/100
|-damage|p2a: Ferroseed|64/100|[from] Stealth Rock
|turn|31
|
|t:|1639081292
|move|p1a: Doduo|Brave Bird|p2a: Ferroseed
|-damage|p2a: Ferroseed|0 fnt
|-damage|p1a: Doduo|65/100|[from] ability: Iron Barbs|[of] p2a: Ferroseed
|faint|p2a: Ferroseed
|-damage|p1a: Doduo|40/100|[from] Recoil
|
|upkeep
|inactive|Hockey1 has 30 seconds left.
|
|t:|1639081317
|switch|p2a: Abra|Abra, L5, M|100/100
|turn|32
|inactive|F i l l e has 90 seconds left.
|
|t:|1639081339
|move|p2a: Abra|Psychic|p1a: Doduo
|-damage|p1a: Doduo|0 fnt
|faint|p1a: Doduo
|
|upkeep
|inactive|F i l l e has 90 seconds left.
|
|t:|1639081346
|switch|p1a: Chinchou|Chinchou, L5, F|100/100
|turn|33
|
|t:|1639081360
|move|p1a: Chinchou|Volt Switch|p2a: Abra
|-damage|p2a: Abra|37/100
|move|p2a: Abra|Psychic|p1a: Chinchou
|-crit|p1a: Chinchou
|-damage|p1a: Chinchou|0 fnt
|faint|p1a: Chinchou
|
|win|Hockey1
|c|☆Hockey1|ah shit
|c|☆Hockey1|shitty game man
|c|+fiend hound|dig wasnt a roll btw
|c|☆F i l l e|expected
|c|☆Hockey1|im sorry
|c|+fiend hound|we were 36 def fsr
