|inactive|Battle timer is ON: inactive players will automatically lose when time's up.
|t:|1639773555
|gametype|singles
|player|p1|Mr.378|sage-gen2jp|
|player|p2|Amukamara|cyclistf-gen4|
|teamsize|p1|6
|teamsize|p2|6
|gen|5
|tier|[Gen 5] UU
|rule|Species Clause: Limit one of each Pokémon
|rule|OHKO Clause: OHKO moves are banned
|rule|Moody Clause: Moody is banned
|rule|Evasion Moves Clause: Evasion moves are banned
|rule|Endless Battle Clause: Forcing endless battles is banned
|rule|HP Percentage Mod: HP is shown in percentages
|rule|Evasion Abilities Clause: Evasion abilities are banned
|rule|Swagger Clause: Swagger is banned
|rule|Sleep Clause Mod: Limit one foe put to sleep
|clearpoke
|poke|p1|Victini|item
|poke|p1|Raikou|item
|poke|p1|Rhyperior, F|item
|poke|p1|Ferroseed, F|item
|poke|p1|Cofagrigus, M|item
|poke|p1|Togekiss, M|item
|poke|p2|Mew|item
|poke|p2|Nidoqueen, F|item
|poke|p2|Bronzong|item
|poke|p2|Zapdos|item
|poke|p2|Slowbro, F|item
|poke|p2|Weavile, F|item
|teampreview
|c|☆Amukamara|glhf
|c|☆Mr.378|AMAKAMARA
|c|☆Mr.378|hf
|inactive|Amukamara has 270 seconds left.
|
|t:|1639773587
|start
|switch|p1a: Victini|Victini|100/100
|switch|p2a: Slowbro|Slowbro, F|100/100
|turn|1
|
|t:|1639773596
|switch|p1a: Ferroseed|Ferroseed, F|100/100
|move|p2a: Slowbro|Thunder Wave|p1a: Ferroseed
|-status|p1a: Ferroseed|par
|
|upkeep
|turn|2
|
|t:|1639773601
|switch|p2a: Nidoqueen|Nidoqueen, F|100/100
|move|p1a: Ferroseed|Protect||[still]
|-fail|p1a: Ferroseed
|
|upkeep
|turn|3
|c|+pinkdragontamer|GO LIAM
|
|t:|1639773610
|switch|p1a: Rhyperior|Rhyperior, F|100/100
|move|p2a: Nidoqueen|Toxic Spikes|p1a: Rhyperior
|-sidestart|p1: Mr.378|move: Toxic Spikes
|
|upkeep
|turn|4
|
|t:|1639773620
|move|p2a: Nidoqueen|Earth Power|p1a: Rhyperior
|-supereffective|p1a: Rhyperior
|-damage|p1a: Rhyperior|21/100
|move|p1a: Rhyperior|Stealth Rock|p2a: Nidoqueen
|-sidestart|p2: Amukamara|move: Stealth Rock
|
|-heal|p1a: Rhyperior|27/100|[from] item: Leftovers
|upkeep
|turn|5
|
|t:|1639773624
|move|p1a: Rhyperior|Protect|p1a: Rhyperior
|-singleturn|p1a: Rhyperior|Protect
|move|p2a: Nidoqueen|Ice Beam|p1a: Rhyperior
|-activate|p1a: Rhyperior|move: Protect
|
|-heal|p1a: Rhyperior|33/100|[from] item: Leftovers
|upkeep
|turn|6
|
|t:|1639773632
|move|p2a: Nidoqueen|Earth Power|p1a: Rhyperior
|-supereffective|p1a: Rhyperior
|-damage|p1a: Rhyperior|0 fnt
|faint|p1a: Rhyperior
|
|upkeep
|
|t:|1639773635
|switch|p1a: Victini|Victini|100/100
|-status|p1a: Victini|psn
|turn|7
|
|t:|1639773640
|switch|p2a: Slowbro|Slowbro, F|100/100
|-damage|p2a: Slowbro|88/100|[from] Stealth Rock
|move|p1a: Victini|Psychic|p2a: Slowbro
|-resisted|p2a: Slowbro
|-damage|p2a: Slowbro|64/100
|-damage|p1a: Victini|91/100 psn|[from] item: Life Orb
|
|-damage|p1a: Victini|78/100 psn|[from] psn
|upkeep
|turn|8
|
|t:|1639773650
|move|p1a: Victini|Grass Knot|p2a: Slowbro
|-supereffective|p2a: Slowbro
|-damage|p2a: Slowbro|7/100
|-damage|p1a: Victini|62/100 psn|[from] item: Rocky Helmet|[of] p2a: Slowbro
|-damage|p1a: Victini|52/100 psn|[from] item: Life Orb
|move|p2a: Slowbro|Slack Off|p2a: Slowbro
|-heal|p2a: Slowbro|57/100
|
|-damage|p1a: Victini|40/100 psn|[from] psn
|upkeep
|turn|9
|
|t:|1639773665
|move|p1a: Victini|V-create|p2a: Slowbro
|-resisted|p2a: Slowbro
|-damage|p2a: Slowbro|32/100
|-unboost|p1a: Victini|spe|1
|-unboost|p1a: Victini|def|1
|-unboost|p1a: Victini|spd|1
|-damage|p1a: Victini|23/100 psn|[from] item: Rocky Helmet|[of] p2a: Slowbro
|-damage|p1a: Victini|13/100 psn|[from] item: Life Orb
|move|p2a: Slowbro|Slack Off|p2a: Slowbro
|-heal|p2a: Slowbro|82/100
|
|-damage|p1a: Victini|1/100 psn|[from] psn
|upkeep
|turn|10
|
|t:|1639773671
|switch|p1a: Ferroseed|Ferroseed, F|100/100 par
|move|p2a: Slowbro|Scald|p1a: Ferroseed
|-resisted|p1a: Ferroseed
|-damage|p1a: Ferroseed|89/100 par
|
|upkeep
|turn|11
|
|t:|1639773676
|switch|p2a: Nidoqueen|Nidoqueen, F|100/100
|-damage|p2a: Nidoqueen|94/100|[from] Stealth Rock
|move|p1a: Ferroseed|Spikes|p2a: Nidoqueen
|-sidestart|p2: Amukamara|Spikes
|
|upkeep
|turn|12
|
|t:|1639773684
|move|p2a: Nidoqueen|Focus Blast|p1a: Ferroseed
|-supereffective|p1a: Ferroseed
|-crit|p1a: Ferroseed
|-damage|p1a: Ferroseed|0 fnt
|faint|p1a: Ferroseed
|
|upkeep
|
|t:|1639773688
|switch|p1a: Victini|Victini|1/100 psn
|turn|13
|
|t:|1639773700
|switch|p2a: Slowbro|Slowbro, F|100/100
|-damage|p2a: Slowbro|88/100|[from] Spikes
|-damage|p2a: Slowbro|76/100|[from] Stealth Rock
|move|p1a: Victini|Grass Knot|p2a: Slowbro
|-supereffective|p2a: Slowbro
|-damage|p2a: Slowbro|17/100
|-damage|p1a: Victini|0 fnt|[from] item: Rocky Helmet|[of] p2a: Slowbro
|faint|p1a: Victini
|
|upkeep
|
|t:|1639773706
|switch|p1a: Raikou|Raikou, shiny|100/100
|-status|p1a: Raikou|psn
|-ability|p1a: Raikou|Pressure
|turn|14
|
|t:|1639773713
|move|p1a: Raikou|Calm Mind|p1a: Raikou
|-boost|p1a: Raikou|spa|1
|-boost|p1a: Raikou|spd|1
|move|p2a: Slowbro|Psyshock|p1a: Raikou
|-damage|p1a: Raikou|63/100 psn
|
|-heal|p1a: Raikou|69/100 psn|[from] item: Leftovers
|-damage|p1a: Raikou|57/100 psn|[from] psn
|upkeep
|turn|15
|
|t:|1639773720
|move|p1a: Raikou|Thunderbolt|p2a: Slowbro
|-supereffective|p2a: Slowbro
|-damage|p2a: Slowbro|0 fnt
|faint|p2a: Slowbro
|
|-heal|p1a: Raikou|63/100 psn|[from] item: Leftovers
|-damage|p1a: Raikou|50/100 psn|[from] psn
|upkeep
|
|t:|1639773733
|switch|p2a: Weavile|Weavile, F|100/100
|-damage|p2a: Weavile|88/100|[from] Spikes
|-damage|p2a: Weavile|63/100|[from] Stealth Rock
|-ability|p2a: Weavile|Pressure
|turn|16
|
|t:|1639773738
|move|p2a: Weavile|Ice Punch|p1a: Raikou
|-damage|p1a: Raikou|0 fnt
|faint|p1a: Raikou
|
|upkeep
|
|t:|1639773744
|switch|p1a: Togekiss|Togekiss, M|100/100
|turn|17
|
|t:|1639773748
|move|p1a: Togekiss|Flamethrower|p2a: Weavile
|-supereffective|p2a: Weavile
|-damage|p2a: Weavile|0 fnt
|faint|p2a: Weavile
|
|upkeep
|
|t:|1639773754
|switch|p2a: Zapdos|Zapdos|100/100
|-damage|p2a: Zapdos|75/100|[from] Stealth Rock
|-ability|p2a: Zapdos|Pressure
|turn|18
|
|t:|1639773763
|move|p1a: Togekiss|Flamethrower|p2a: Zapdos
|-damage|p2a: Zapdos|44/100
|move|p2a: Zapdos|Roost|p2a: Zapdos
|-heal|p2a: Zapdos|94/100
|-singleturn|p2a: Zapdos|move: Roost
|
|-heal|p2a: Zapdos|99/100|[from] item: Leftovers
|upkeep
|turn|19
|
|t:|1639773768
|move|p1a: Togekiss|Flamethrower|p2a: Zapdos
|-damage|p2a: Zapdos|72/100
|move|p2a: Zapdos|Thunderbolt|p1a: Togekiss
|-supereffective|p1a: Togekiss
|-damage|p1a: Togekiss|10/100
|
|-heal|p2a: Zapdos|78/100|[from] item: Leftovers
|upkeep
|turn|20
|
|t:|1639773777
|move|p1a: Togekiss|Flamethrower|p2a: Zapdos
|-damage|p2a: Zapdos|49/100
|-status|p2a: Zapdos|brn
|move|p2a: Zapdos|Thunderbolt|p1a: Togekiss
|-supereffective|p1a: Togekiss
|-damage|p1a: Togekiss|0 fnt
|faint|p1a: Togekiss
|
|-heal|p2a: Zapdos|55/100 brn|[from] item: Leftovers
|-damage|p2a: Zapdos|43/100 brn|[from] brn
|upkeep
|
|t:|1639773779
|switch|p1a: Cofagrigus|Cofagrigus, M|100/100
|-status|p1a: Cofagrigus|psn
|turn|21
|
|t:|1639773783
|move|p2a: Zapdos|Thunderbolt|p1a: Cofagrigus
|-damage|p1a: Cofagrigus|52/100 psn
|move|p1a: Cofagrigus|Nasty Plot|p1a: Cofagrigus
|-boost|p1a: Cofagrigus|spa|2
|
|-heal|p2a: Zapdos|49/100 brn|[from] item: Leftovers
|-heal|p1a: Cofagrigus|58/100 psn|[from] item: Leftovers
|-damage|p1a: Cofagrigus|45/100 psn|[from] psn
|-damage|p2a: Zapdos|37/100 brn|[from] brn
|upkeep
|turn|22
|
|t:|1639773787
|move|p2a: Zapdos|Thunderbolt|p1a: Cofagrigus
|-damage|p1a: Cofagrigus|0 fnt
|faint|p1a: Cofagrigus
|
|win|Amukamara
|c|☆Amukamara|gg
|c|☆Mr.378|gg
