|inactive|Battle timer is ON: inactive players will automatically lose when time's up.
|t:|1631925423
|gametype|singles
|player|p1|iss|ethan|
|player|p2|Bughouse|#bughouse|
|teamsize|p1|6
|teamsize|p2|6
|gen|5
|tier|[Gen 5] LC
|rule|Species Clause: Limit one of each Pokémon
|rule|OHKO Clause: OHKO moves are banned
|rule|Moody Clause: Moody is banned
|rule|Evasion Moves Clause: Evasion moves are banned
|rule|Endless Battle Clause: Forcing endless battles is banned
|rule|HP Percentage Mod: HP is shown in percentages
|rule|Sleep Clause: Sleep-inducing moves are banned
|clearpoke
|poke|p1|Mienfoo, L5, F|item
|poke|p1|Natu, L5, M|item
|poke|p1|Diglett, L5, F|item
|poke|p1|Aipom, L5, M|item
|poke|p1|Snover, L5, F|item
|poke|p1|Porygon, L5|item
|poke|p2|Abra, L5, M|item
|poke|p2|Gastly, L5, F|item
|poke|p2|Porygon, L5|item
|poke|p2|Mienfoo, L5, M|item
|poke|p2|Ferroseed, L5, F|item
|poke|p2|Diglett, L5, M|item
|teampreview
|c|☆iss|gl!
|c|☆Bughouse|gl hf
|inactive|iss has 270 seconds left.
|inactive|Bughouse has 270 seconds left.
|
|t:|1631925478
|start
|switch|p1a: Aipom|Aipom, L5, M|100/100
|switch|p2a: Mienfoo|Mienfoo, L5, M|100/100
|turn|1
|inactive|Bughouse has 270 seconds left.
|inactive|Bughouse has 240 seconds left.
|inactive|Bughouse has 210 seconds left.
|
|t:|1631925569
|switch|p2a: Ferroseed|Ferroseed, L5, F|100/100
|move|p1a: Aipom|U-turn|p2a: Ferroseed
|-damage|p2a: Ferroseed|78/100
|-damage|p1a: Aipom|92/100|[from] ability: Iron Barbs|[of] p2a: Ferroseed
|-damage|p1a: Aipom|83/100|[from] item: Life Orb
|inactive|iss has 270 seconds left.
|
|t:|1631925621
|switch|p1a: Mienfoo|Mienfoo, L5, F|100/100|[from]move: U-turn
|
|upkeep
|turn|2
|inactive|Bughouse has 210 seconds left.
|inactive|Bughouse has 180 seconds left.
|
|t:|1631925670
|switch|p2a: Mienfoo|Mienfoo, L5, M|100/100
|move|p1a: Mienfoo|Taunt|p2a: Mienfoo
|-start|p2a: Mienfoo|move: Taunt
|
|upkeep
|turn|3
|inactive|Bughouse has 180 seconds left.
|
|t:|1631925688
|move|p2a: Mienfoo|Fake Out|p1a: Mienfoo
|-damage|p1a: Mienfoo|87/100
|cant|p1a: Mienfoo|flinch
|
|upkeep
|turn|4
|inactive|iss has 270 seconds left.
|inactive|Bughouse has 180 seconds left.
|
|t:|1631925697
|move|p2a: Mienfoo|Acrobatics|p1a: Mienfoo
|-enditem|p2a: Mienfoo|Flying Gem|[from] gem
|-supereffective|p1a: Mienfoo
|-damage|p1a: Mienfoo|0 fnt
|faint|p1a: Mienfoo
|
|-end|p2a: Mienfoo|move: Taunt
|upkeep
|c|+Beraldinhoo|bop
|inactive|iss has 270 seconds left.
|
|t:|1631925729
|switch|p1a: Aipom|Aipom, L5, M|83/100
|turn|5
|inactive|iss has 240 seconds left.
|
|t:|1631925756
|switch|p2a: Gastly|Gastly, L5, F|100/100
|move|p1a: Aipom|U-turn|p2a: Gastly
|-resisted|p2a: Gastly
|-damage|p2a: Gastly|96/100
|-damage|p1a: Aipom|74/100|[from] item: Life Orb
|inactive|iss has 210 seconds left.
|inactive|iss has 180 seconds left.
|
|t:|1631925827
|switch|p1a: Porygon|Porygon, L5|100/100|[from]move: U-turn
|-ability|p1a: Porygon|Levitate|[from] ability: Trace|[of] p2a: Gastly
|
|upkeep
|turn|6
|
|t:|1631925845
|switch|p2a: Ferroseed|Ferroseed, L5, F|78/100
|switch|p1a: Natu|Natu, L5, M|100/100
|
|upkeep
|turn|7
|
|t:|1631925854
|switch|p2a: Porygon|Porygon, L5|100/100
|-ability|p2a: Porygon|Magic Bounce|[from] ability: Trace|[of] p1a: Natu
|move|p1a: Natu|Psychic|p2a: Porygon
|-damage|p2a: Porygon|74/100
|-unboost|p2a: Porygon|spd|1
|
|upkeep
|turn|8
|inactive|iss has 180 seconds left.
|
|t:|1631925869
|move|p1a: Natu|Psychic|p2a: Porygon
|-damage|p2a: Porygon|35/100
|move|p2a: Porygon|Recover|p2a: Porygon
|-heal|p2a: Porygon|85/100
|
|upkeep
|turn|9
|
|t:|1631925890
|move|p1a: Natu|Psychic|p2a: Porygon
|-damage|p2a: Porygon|47/100
|move|p2a: Porygon|Zap Cannon|p1a: Natu
|-supereffective|p1a: Natu
|-damage|p1a: Natu|22/100
|-status|p1a: Natu|par
|
|upkeep
|turn|10
|
|t:|1631925910
|move|p2a: Porygon|Recover|p2a: Porygon
|-heal|p2a: Porygon|97/100
|cant|p1a: Natu|par
|
|upkeep
|turn|11
|inactive|iss has 180 seconds left.
|
|t:|1631925929
|move|p2a: Porygon|Ice Beam|p1a: Natu
|-supereffective|p1a: Natu
|-damage|p1a: Natu|0 fnt
|faint|p1a: Natu
|
|upkeep
|inactive|iss has 180 seconds left.
|
|t:|1631925937
|switch|p1a: Porygon|Porygon, L5|100/100
|-ability|p1a: Porygon|Magic Bounce|[from] ability: Trace|[of] p2a: Porygon
|turn|12
|inactive|iss has 180 seconds left.
|
|t:|1631925967
|switch|p2a: Ferroseed|Ferroseed, L5, F|78/100
|move|p1a: Porygon|Psychic|p2a: Ferroseed
|-resisted|p2a: Ferroseed
|-damage|p2a: Ferroseed|69/100
|
|upkeep
|turn|13
|inactive|Bughouse has 210 seconds left.
|
|t:|1631925988
|switch|p1a: Snover|Snover, L5, F|100/100
|-weather|Hail|[from] ability: Snow Warning|[of] p1a: Snover
|switch|p2a: Mienfoo|Mienfoo, L5, M|100/100
|
|-weather|Hail|[upkeep]
|-damage|p2a: Mienfoo|96/100|[from] Hail
|upkeep
|turn|14
|
|t:|1631926002
|move|p2a: Mienfoo|Fake Out|p1a: Snover
|-damage|p1a: Snover|69/100
|cant|p1a: Snover|flinch
|
|-weather|Hail|[upkeep]
|-damage|p2a: Mienfoo|91/100|[from] Hail
|upkeep
|turn|15
|inactive|Bughouse has 210 seconds left.
|inactive|Bughouse has 180 seconds left.
|
|t:|1631926039
|switch|p2a: Porygon|Porygon, L5|97/100
|-ability|p2a: Porygon|Snow Warning|[from] ability: Trace|[of] p1a: Snover
|move|p1a: Snover|Blizzard|p2a: Porygon
|-damage|p2a: Porygon|58/100
|
|-weather|Hail|[upkeep]
|-damage|p2a: Porygon|54/100|[from] Hail
|upkeep
|turn|16
|inactive|iss has 180 seconds left.
|inactive|Bughouse has 180 seconds left.
|
|t:|1631926073
|move|p1a: Snover|Blizzard|p2a: Porygon
|-damage|p2a: Porygon|16/100
|move|p2a: Porygon|Hidden Power|p1a: Snover
|-supereffective|p1a: Snover
|-damage|p1a: Snover|0 fnt
|faint|p1a: Snover
|
|-weather|Hail|[upkeep]
|-damage|p2a: Porygon|12/100|[from] Hail
|upkeep
|
|t:|1631926081
|switch|p1a: Diglett|Diglett, L5, F|100/100
|turn|17
|
|t:|1631926084
|move|p1a: Diglett|Earthquake|p2a: Porygon
|-damage|p2a: Porygon|0 fnt
|faint|p2a: Porygon
|-damage|p1a: Diglett|95/100|[from] item: Life Orb
|
|-weather|Hail|[upkeep]
|-damage|p1a: Diglett|89/100|[from] Hail
|upkeep
|inactive|Bughouse has 180 seconds left.
|inactive|Bughouse has 150 seconds left.
|
|t:|1631926143
|switch|p2a: Ferroseed|Ferroseed, L5, F|69/100
|turn|18
|inactive|iss has 150 seconds left.
|
|t:|1631926174
|switch|p1a: Porygon|Porygon, L5|100/100
|-ability|p1a: Porygon|Iron Barbs|[from] ability: Trace|[of] p2a: Ferroseed
|move|p2a: Ferroseed|Bullet Seed|p1a: Porygon
|-damage|p1a: Porygon|88/100
|-damage|p1a: Porygon|76/100
|-hitcount|p1a: Porygon|2
|
|-weather|Hail|[upkeep]
|-damage|p1a: Porygon|72/100|[from] Hail
|-damage|p2a: Ferroseed|64/100|[from] Hail
|upkeep
|turn|19
|inactive|iss has 150 seconds left.
|inactive|Bughouse has 150 seconds left.
|
|t:|1631926203
|move|p1a: Porygon|Thunder Wave|p2a: Ferroseed
|-status|p2a: Ferroseed|par
|move|p2a: Ferroseed|Spikes|p1a: Porygon
|-sidestart|p1: iss|Spikes
|
|-weather|Hail|[upkeep]
|-damage|p1a: Porygon|68/100|[from] Hail
|-damage|p2a: Ferroseed|60/100 par|[from] Hail
|upkeep
|turn|20
|
|t:|1631926209
|move|p1a: Porygon|Psychic|p2a: Ferroseed
|-resisted|p2a: Ferroseed
|-crit|p2a: Ferroseed
|-damage|p2a: Ferroseed|37/100 par
|move|p2a: Ferroseed|Thunder Wave|p1a: Porygon
|-status|p1a: Porygon|par
|
|-weather|Hail|[upkeep]
|-damage|p1a: Porygon|64/100 par|[from] Hail
|-damage|p2a: Ferroseed|32/100 par|[from] Hail
|upkeep
|turn|21
|inactive|iss has 150 seconds left.
|
|t:|1631926219
|move|p1a: Porygon|Psychic|p2a: Ferroseed
|-resisted|p2a: Ferroseed
|-damage|p2a: Ferroseed|23/100 par
|cant|p2a: Ferroseed|par
|
|-weather|Hail|[upkeep]
|-damage|p1a: Porygon|60/100 par|[from] Hail
|-damage|p2a: Ferroseed|19/100 par|[from] Hail
|upkeep
|turn|22
|inactive|iss has 150 seconds left.
|inactive|Bughouse has 150 seconds left.
|
|t:|1631926230
|move|p1a: Porygon|Recover|p1a: Porygon
|-heal|p1a: Porygon|100/100 par
|move|p2a: Ferroseed|Stealth Rock|p1a: Porygon
|-sidestart|p1: iss|move: Stealth Rock
|
|-weather|Hail|[upkeep]
|-damage|p1a: Porygon|96/100 par|[from] Hail
|-damage|p2a: Ferroseed|14/100 par|[from] Hail
|upkeep
|turn|23
|inactive|iss has 150 seconds left.
|inactive|Bughouse has 150 seconds left.
|
|t:|1631926255
|switch|p1a: Diglett|Diglett, L5, F|89/100
|-damage|p1a: Diglett|84/100|[from] Stealth Rock
|-damage|p1a: Diglett|73/100|[from] Spikes
|switch|p2a: Abra|Abra, L5, M|100/100
|
|-weather|Hail|[upkeep]
|-damage|p1a: Diglett|67/100|[from] Hail
|upkeep
|turn|24
|inactive|iss has 150 seconds left.
|
|t:|1631926268
|move|p1a: Diglett|Earthquake|p2a: Abra
|-enditem|p2a: Abra|Focus Sash
|-damage|p2a: Abra|6/100
|-damage|p1a: Diglett|62/100|[from] item: Life Orb
|move|p2a: Abra|Psychic|p1a: Diglett
|-damage|p1a: Diglett|0 fnt
|faint|p1a: Diglett
|
|-weather|Hail|[upkeep]
|upkeep
|inactive|iss has 150 seconds left.
|
|t:|1631926287
|switch|p1a: Porygon|Porygon, L5|96/100 par
|-damage|p1a: Porygon|84/100 par|[from] Spikes
|-damage|p1a: Porygon|72/100 par|[from] Stealth Rock
|-ability|p1a: Porygon|Magic Guard|[from] ability: Trace|[of] p2a: Abra
|turn|25
|
|t:|1631926295
|move|p2a: Abra|Knock Off|p1a: Porygon
|-damage|p1a: Porygon|68/100 par
|-enditem|p1a: Porygon|Eviolite|[from] move: Knock Off|[of] p2a: Abra
|move|p1a: Porygon|Thunder Wave|p2a: Abra
|-status|p2a: Abra|par
|
|-weather|Hail|[upkeep]
|upkeep
|turn|26
|inactive|iss has 150 seconds left.
|inactive|Bughouse has 150 seconds left.
|
|t:|1631926301
|move|p2a: Abra|Psychic|p1a: Porygon
|-crit|p1a: Porygon
|-damage|p1a: Porygon|0 fnt
|faint|p1a: Porygon
|
|-weather|Hail|[upkeep]
|upkeep
|inactive|iss has 150 seconds left.
|
|t:|1631926306
|switch|p1a: Aipom|Aipom, L5, M|74/100
|-damage|p1a: Aipom|66/100|[from] Stealth Rock
|-damage|p1a: Aipom|57/100|[from] Spikes
|turn|27
|inactive|iss has 150 seconds left.
|
|t:|1631926318
|move|p1a: Aipom|Beat Up|p2a: Abra
|-supereffective|p2a: Abra
|-damage|p2a: Abra|0 fnt
|faint|p2a: Abra
|-hitcount|p2: Abra|1
|-damage|p1a: Aipom|48/100|[from] item: Life Orb
|
|-weather|Hail|[upkeep]
|-damage|p1a: Aipom|44/100|[from] Hail
|upkeep
|
|t:|1631926320
|switch|p2a: Mienfoo|Mienfoo, L5, M|100/100
|turn|28
|
|t:|1631926323
|move|p2a: Mienfoo|Fake Out|p1a: Aipom
|-damage|p1a: Aipom|22/100
|cant|p1a: Aipom|flinch
|
|-weather|Hail|[upkeep]
|-damage|p1a: Aipom|18/100|[from] Hail
|-damage|p2a: Mienfoo|96/100|[from] Hail
|upkeep
|turn|29
|
|t:|1631926327
|switch|p2a: Ferroseed|Ferroseed, L5, F|14/100 par
|move|p1a: Aipom|Beat Up|p2a: Ferroseed
|-resisted|p2a: Ferroseed
|-damage|p2a: Ferroseed|10/100 par
|-hitcount|p2a: Ferroseed|1
|-damage|p1a: Aipom|9/100|[from] item: Life Orb
|
|-weather|Hail|[upkeep]
|-damage|p1a: Aipom|5/100|[from] Hail
|-damage|p2a: Ferroseed|5/100 par|[from] Hail
|upkeep
|turn|30
|
|t:|1631926340
|switch|p2a: Diglett|Diglett, L5, M|100/100
|move|p1a: Aipom|Fury Swipes|p2a: Diglett
|-damage|p2a: Diglett|73/100
|-damage|p2a: Diglett|45/100
|-damage|p2a: Diglett|17/100
|-damage|p2a: Diglett|0 fnt
|faint|p2a: Diglett
|-hitcount|p2: Diglett|4
|-damage|p1a: Aipom|0 fnt|[from] item: Life Orb
|faint|p1a: Aipom
|
|win|Bughouse
|c|☆iss|gg
|c|☆Bughouse|gg
