|inactive|Battle timer is ON: inactive players will automatically lose when time's up.
|t:|1639235590
|gametype|singles
|player|p1|Amukamara|cyclistf-gen4|
|player|p2|Cam|furisodegirl-black|
|teamsize|p1|6
|teamsize|p2|6
|gen|5
|tier|[Gen 5] UU
|rule|Species Clause: Limit one of each Pokémon
|rule|OHKO Clause: OHKO moves are banned
|rule|Moody Clause: Moody is banned
|rule|Evasion Moves Clause: Evasion moves are banned
|rule|Endless Battle Clause: Forcing endless battles is banned
|rule|HP Percentage Mod: HP is shown in percentages
|rule|Evasion Abilities Clause: Evasion abilities are banned
|rule|Swagger Clause: Swagger is banned
|rule|Sleep Clause Mod: Limit one foe put to sleep
|clearpoke
|poke|p1|Cofagrigus, F|item
|poke|p1|Heracross, F|item
|poke|p1|Suicune|item
|poke|p1|Rhyperior, F|item
|poke|p1|Flygon, M|item
|poke|p1|Roserade, F|item
|poke|p2|Accelgor, M|item
|poke|p2|Shaymin|item
|poke|p2|Rhyperior, M|item
|poke|p2|Xatu, M|item
|poke|p2|Crobat, M|item
|poke|p2|Darmanitan, M|item
|teampreview
|c|☆Cam|glhf
|c|☆Amukamara|u too
|inactive|Amukamara has 270 seconds left.
|inactive|Cam has 270 seconds left.
|inactive|Amukamara has 240 seconds left.
|c|+Accel|yo it's me
|
|t:|1639235675
|start
|switch|p1a: Flygon|Flygon, M|100/100
|switch|p2a: Accelgor|Accelgor, M|100/100
|turn|1
|
|t:|1639235680
|move|p1a: Flygon|Outrage|p2a: Accelgor
|-enditem|p2a: Accelgor|Focus Sash
|-damage|p2a: Accelgor|1/100
|move|p2a: Accelgor|Spikes|p1a: Flygon
|-sidestart|p1: Amukamara|Spikes
|
|upkeep
|turn|2
|
|t:|1639235696
|move|p2a: Accelgor|Bug Buzz|p1a: Flygon
|-damage|p1a: Flygon|49/100
|move|p1a: Flygon|Outrage|p2a: Accelgor|[from]lockedmove
|-crit|p2a: Accelgor
|-damage|p2a: Accelgor|0 fnt
|faint|p2a: Accelgor
|
|upkeep
|inactive|Cam has 270 seconds left.
|
|t:|1639235721
|switch|p2a: Shaymin|Shaymin|100/100
|turn|3
|c|+Donny P.|LESS GO LIAM 
|
|t:|1639235726
|move|p1a: Flygon|Outrage|p2a: Shaymin|[from]lockedmove
|-damage|p2a: Shaymin|50/100
|-start|p1a: Flygon|confusion|[fatigue]
|move|p2a: Shaymin|Hidden Power|p1a: Flygon
|-supereffective|p1a: Flygon
|-damage|p1a: Flygon|0 fnt
|faint|p1a: Flygon
|
|-heal|p2a: Shaymin|56/100|[from] item: Leftovers
|upkeep
|
|t:|1639235736
|switch|p1a: Roserade|Roserade, F|100/100
|-damage|p1a: Roserade|88/100|[from] Spikes
|turn|4
|
|t:|1639235748
|switch|p2a: Crobat|Crobat, M|100/100
|move|p1a: Roserade|Spikes|p2a: Crobat
|-sidestart|p2: Cam|Spikes
|
|-heal|p1a: Roserade|94/100|[from] item: Black Sludge
|upkeep
|turn|5
|
|t:|1639235765
|move|p2a: Crobat|U-turn|p1a: Roserade
|-damage|p1a: Roserade|44/100
|
|t:|1639235768
|switch|p2a: Xatu|Xatu, M|100/100|[from]move: U-turn
|move|p1a: Roserade|Sludge Bomb|p2a: Xatu
|-damage|p2a: Xatu|64/100
|
|-heal|p1a: Roserade|50/100|[from] item: Black Sludge
|upkeep
|turn|6
|inactive|Amukamara has 270 seconds left.
|
|t:|1639235822
|move|p1a: Roserade|Sludge Bomb|p2a: Xatu
|-damage|p2a: Xatu|21/100
|move|p2a: Xatu|Roost|p2a: Xatu
|-heal|p2a: Xatu|71/100
|-singleturn|p2a: Xatu|move: Roost
|
|-heal|p1a: Roserade|56/100|[from] item: Black Sludge
|upkeep
|turn|7
|
|t:|1639235833
|switch|p1a: Cofagrigus|Cofagrigus, F|100/100
|-damage|p1a: Cofagrigus|88/100|[from] Spikes
|switch|p2a: Crobat|Crobat, M|100/100
|
|-heal|p1a: Cofagrigus|94/100|[from] item: Leftovers
|upkeep
|turn|8
|inactive|Amukamara has 240 seconds left.
|
|t:|1639235861
|switch|p1a: Rhyperior|Rhyperior, F|100/100
|-damage|p1a: Rhyperior|88/100|[from] Spikes
|move|p2a: Crobat|Brave Bird|p1a: Rhyperior
|-resisted|p1a: Rhyperior
|-damage|p1a: Rhyperior|67/100
|-damage|p2a: Crobat|91/100|[from] Recoil
|
|-heal|p1a: Rhyperior|73/100|[from] item: Leftovers
|upkeep
|turn|9
|inactive|Amukamara has 240 seconds left.
|
|t:|1639235873
|switch|p2a: Xatu|Xatu, M|71/100
|move|p1a: Rhyperior|Stone Edge|p2a: Xatu
|-supereffective|p2a: Xatu
|-damage|p2a: Xatu|0 fnt
|faint|p2a: Xatu
|
|-heal|p1a: Rhyperior|79/100|[from] item: Leftovers
|upkeep
|
|t:|1639235877
|switch|p2a: Shaymin|Shaymin|56/100
|-damage|p2a: Shaymin|43/100|[from] Spikes
|turn|10
|inactive|Amukamara has 240 seconds left.
|
|t:|1639235900
|switch|p1a: Heracross|Heracross, F|100/100
|-damage|p1a: Heracross|88/100|[from] Spikes
|move|p2a: Shaymin|Seed Flare|p1a: Heracross
|-resisted|p1a: Heracross
|-damage|p1a: Heracross|57/100
|
|-heal|p2a: Shaymin|49/100|[from] item: Leftovers
|upkeep
|turn|11
|inactive|Amukamara has 240 seconds left.
|
|t:|1639235908
|switch|p2a: Rhyperior|Rhyperior, M|100/100
|-damage|p2a: Rhyperior|88/100|[from] Spikes
|move|p1a: Heracross|Stone Edge|p2a: Rhyperior|[miss]
|-miss|p1a: Heracross|p2a: Rhyperior
|
|-heal|p2a: Rhyperior|94/100|[from] item: Leftovers
|upkeep
|turn|12
|
|t:|1639235921
|switch|p1a: Suicune|Suicune|100/100
|-damage|p1a: Suicune|88/100|[from] Spikes
|-ability|p1a: Suicune|Pressure
|move|p2a: Rhyperior|Earthquake|p1a: Suicune
|-damage|p1a: Suicune|54/100
|
|-heal|p1a: Suicune|61/100|[from] item: Leftovers
|-heal|p2a: Rhyperior|99/100|[from] item: Leftovers
|upkeep
|turn|13
|
|t:|1639235930
|switch|p2a: Shaymin|Shaymin|49/100
|-damage|p2a: Shaymin|37/100|[from] Spikes
|move|p1a: Suicune|Ice Beam|p2a: Shaymin
|-supereffective|p2a: Shaymin
|-damage|p2a: Shaymin|1/100
|
|-heal|p2a: Shaymin|7/100|[from] item: Leftovers
|-heal|p1a: Suicune|67/100|[from] item: Leftovers
|upkeep
|turn|14
|inactive|Amukamara has 240 seconds left.
|inactive|Amukamara has 210 seconds left.
|
|t:|1639235983
|switch|p1a: Heracross|Heracross, F|57/100
|-damage|p1a: Heracross|45/100|[from] Spikes
|move|p2a: Shaymin|Rest|p2a: Shaymin
|-status|p2a: Shaymin|slp|[from] move: Rest
|-heal|p2a: Shaymin|100/100 slp|[silent]
|
|upkeep
|turn|15
|inactive|Amukamara has 210 seconds left.
|inactive|Cam has 270 seconds left.
|
|t:|1639236015
|-curestatus|p2a: Shaymin|slp|[from] ability: Natural Cure
|switch|p2a: Crobat|Crobat, M|91/100
|move|p1a: Heracross|Close Combat|p2a: Crobat
|-resisted|p2a: Crobat
|-damage|p2a: Crobat|61/100
|-unboost|p1a: Heracross|def|1
|-unboost|p1a: Heracross|spd|1
|
|upkeep
|turn|16
|inactive|Cam has 270 seconds left.
|
|t:|1639236028
|move|p2a: Crobat|U-turn|p1a: Heracross
|-resisted|p1a: Heracross
|-damage|p1a: Heracross|16/100
|inactive|Cam has 270 seconds left.
|
|t:|1639236033
|switch|p2a: Darmanitan|Darmanitan, M|100/100|[from]move: U-turn
|-damage|p2a: Darmanitan|88/100|[from] Spikes
|move|p1a: Heracross|Close Combat|p2a: Darmanitan
|-damage|p2a: Darmanitan|0 fnt
|-unboost|p1a: Heracross|def|1
|-unboost|p1a: Heracross|spd|1
|faint|p2a: Darmanitan
|
|upkeep
|
|t:|1639236038
|switch|p2a: Crobat|Crobat, M|61/100
|turn|17
|
|t:|1639236047
|move|p2a: Crobat|Brave Bird|p1a: Heracross
|-supereffective|p1a: Heracross
|-damage|p1a: Heracross|0 fnt
|faint|p1a: Heracross
|-damage|p2a: Crobat|56/100|[from] Recoil
|
|upkeep
|inactive|Amukamara has 210 seconds left.
|
|t:|1639236058
|switch|p1a: Rhyperior|Rhyperior, F|79/100
|-damage|p1a: Rhyperior|67/100|[from] Spikes
|turn|18
|inactive|Amukamara has 210 seconds left.
|
|t:|1639236069
|switch|p2a: Shaymin|Shaymin|100/100
|-damage|p2a: Shaymin|88/100|[from] Spikes
|move|p1a: Rhyperior|Dragon Tail|p2a: Shaymin
|-damage|p2a: Shaymin|70/100
|drag|p2a: Rhyperior|Rhyperior, M|99/100
|-damage|p2a: Rhyperior|88/100|[from] Spikes
|
|-heal|p1a: Rhyperior|73/100|[from] item: Leftovers
|-heal|p2a: Rhyperior|94/100|[from] item: Leftovers
|upkeep
|turn|19
|inactive|Amukamara has 210 seconds left.
|
|t:|1639236091
|move|p1a: Rhyperior|Earthquake|p2a: Rhyperior
|-supereffective|p2a: Rhyperior
|-damage|p2a: Rhyperior|45/100
|move|p2a: Rhyperior|Stealth Rock|p1a: Rhyperior
|-sidestart|p1: Amukamara|move: Stealth Rock
|
|-heal|p1a: Rhyperior|79/100|[from] item: Leftovers
|-heal|p2a: Rhyperior|51/100|[from] item: Leftovers
|upkeep
|turn|20
|
|t:|1639236102
|switch|p2a: Shaymin|Shaymin|70/100
|-damage|p2a: Shaymin|57/100|[from] Spikes
|move|p1a: Rhyperior|Earthquake|p2a: Shaymin
|-resisted|p2a: Shaymin
|-damage|p2a: Shaymin|33/100
|
|-heal|p2a: Shaymin|39/100|[from] item: Leftovers
|-heal|p1a: Rhyperior|85/100|[from] item: Leftovers
|upkeep
|turn|21
|
|t:|1639236119
|switch|p1a: Suicune|Suicune|67/100
|-damage|p1a: Suicune|54/100|[from] Spikes
|-damage|p1a: Suicune|42/100|[from] Stealth Rock
|-ability|p1a: Suicune|Pressure
|move|p2a: Shaymin|Seed Flare|p1a: Suicune
|-supereffective|p1a: Suicune
|-damage|p1a: Suicune|0 fnt
|faint|p1a: Suicune
|
|-heal|p2a: Shaymin|45/100|[from] item: Leftovers
|upkeep
|inactive|Amukamara has 180 seconds left.
|inactive|Amukamara has 150 seconds left.
|inactive|Amukamara has 120 seconds left.
|
|t:|1639236226
|switch|p1a: Cofagrigus|Cofagrigus, F|94/100
|-damage|p1a: Cofagrigus|82/100|[from] Stealth Rock
|-damage|p1a: Cofagrigus|70/100|[from] Spikes
|turn|22
|
|t:|1639236237
|move|p2a: Shaymin|Seed Flare|p1a: Cofagrigus
|-damage|p1a: Cofagrigus|16/100
|move|p1a: Cofagrigus|Trick Room|p1a: Cofagrigus
|-fieldstart|move: Trick Room|[of] p1a: Cofagrigus
|
|-heal|p1a: Cofagrigus|22/100|[from] item: Leftovers
|-heal|p2a: Shaymin|52/100|[from] item: Leftovers
|upkeep
|turn|23
|inactive|Amukamara has 90 seconds left.
|
|t:|1639236261
|move|p1a: Cofagrigus|Shadow Ball|p2a: Shaymin
|-damage|p2a: Shaymin|16/100
|move|p2a: Shaymin|Earth Power|p1a: Cofagrigus
|-damage|p1a: Cofagrigus|0 fnt
|faint|p1a: Cofagrigus
|
|-heal|p2a: Shaymin|22/100|[from] item: Leftovers
|upkeep
|inactive|Amukamara has 90 seconds left.
|
|t:|1639236267
|switch|p1a: Rhyperior|Rhyperior, F|85/100
|-damage|p1a: Rhyperior|79/100|[from] Stealth Rock
|-damage|p1a: Rhyperior|67/100|[from] Spikes
|turn|24
|inactive|Amukamara has 90 seconds left.
|inactive|Cam has 270 seconds left.
|
|t:|1639236308
|switch|p2a: Rhyperior|Rhyperior, M|51/100
|-damage|p2a: Rhyperior|39/100|[from] Spikes
|move|p1a: Rhyperior|Earthquake|p2a: Rhyperior
|-supereffective|p2a: Rhyperior
|-damage|p2a: Rhyperior|0 fnt
|faint|p2a: Rhyperior
|
|-heal|p1a: Rhyperior|73/100|[from] item: Leftovers
|upkeep
|
|t:|1639236319
|switch|p2a: Crobat|Crobat, M|56/100
|turn|25
|
|t:|1639236346
|move|p1a: Rhyperior|Stealth Rock|p2a: Crobat
|-sidestart|p2: Cam|move: Stealth Rock
|move|p2a: Crobat|U-turn|p1a: Rhyperior
|-damage|p1a: Rhyperior|54/100
|
|t:|1639236348
|switch|p2a: Shaymin|Shaymin|22/100|[from]move: U-turn
|-damage|p2a: Shaymin|9/100|[from] Stealth Rock
|-damage|p2a: Shaymin|0 fnt|[from] Spikes
|faint|p2a: Shaymin
|
|-heal|p1a: Rhyperior|60/100|[from] item: Leftovers
|upkeep
|
|t:|1639236350
|switch|p2a: Crobat|Crobat, M|56/100
|-damage|p2a: Crobat|31/100|[from] Stealth Rock
|turn|26
|
|t:|1639236351
|move|p1a: Rhyperior|Stone Edge|p2a: Crobat|[miss]
|-miss|p1a: Rhyperior|p2a: Crobat
|move|p2a: Crobat|Brave Bird|p1a: Rhyperior
|-resisted|p1a: Rhyperior
|-damage|p1a: Rhyperior|36/100
|-damage|p2a: Crobat|20/100|[from] Recoil
|
|-heal|p1a: Rhyperior|42/100|[from] item: Leftovers
|-fieldend|move: Trick Room
|upkeep
|turn|27
|c|☆Cam|gg
|-message|Cam forfeited.
|
|win|Amukamara
|c|☆Amukamara|gg
