|inactive|Battle timer is ON: inactive players will automatically lose when time's up.
|t:|1639867514
|gametype|singles
|player|p1|Raichy|#splxitigers|
|player|p2|Nalorium|elesa|
|teamsize|p1|6
|teamsize|p2|6
|gen|5
|tier|[Gen 5] UU
|rule|Species Clause: Limit one of each Pokémon
|rule|OHKO Clause: OHKO moves are banned
|rule|Moody Clause: Moody is banned
|rule|Evasion Moves Clause: Evasion moves are banned
|rule|Endless Battle Clause: Forcing endless battles is banned
|rule|HP Percentage Mod: HP is shown in percentages
|rule|Evasion Abilities Clause: Evasion abilities are banned
|rule|Swagger Clause: Swagger is banned
|rule|Sleep Clause Mod: Limit one foe put to sleep
|clearpoke
|poke|p1|Venomoth, F|item
|poke|p1|Uxie|item
|poke|p1|Roserade, F|item
|poke|p1|Sharpedo, M|item
|poke|p1|Porygon-Z|item
|poke|p1|Mismagius, F|item
|poke|p2|Amoonguss, M|item
|poke|p2|Zapdos|item
|poke|p2|Xatu, M|item
|poke|p2|Swampert, M|item
|poke|p2|Krookodile, M|item
|poke|p2|Kingdra, F|item
|teampreview
|c|☆Raichy|hf
|c|☆Nalorium|=
|inactive|Raichy has 270 seconds left.
|inactive|Nalorium has 270 seconds left.
|inactive|Nalorium has 240 seconds left.
|
|t:|1639867597
|start
|switch|p1a: Roserade|Roserade, F|100/100
|switch|p2a: Xatu|Xatu, M, shiny|100/100
|turn|1
|
|t:|1639867617
|move|p1a: Roserade|Sludge Bomb|p2a: Xatu
|-damage|p2a: Xatu|56/100
|move|p2a: Xatu|Psyshock|p1a: Roserade
|-supereffective|p1a: Roserade
|-enditem|p1a: Roserade|Focus Sash
|-damage|p1a: Roserade|1/100
|
|upkeep
|turn|2
|c|+LpZ IV|whats this for
|inactive|Nalorium has 270 seconds left.
|inactive|Raichy has 270 seconds left.
|inactive|Nalorium has 240 seconds left.
|inactive|Raichy has 240 seconds left.
|
|t:|1639867693
|move|p1a: Roserade|Sludge Bomb|p2a: Xatu
|-damage|p2a: Xatu|11/100
|-status|p2a: Xatu|psn
|move|p2a: Xatu|Roost|p2a: Xatu
|-heal|p2a: Xatu|62/100 psn
|-singleturn|p2a: Xatu|move: Roost
|
|-damage|p2a: Xatu|49/100 psn|[from] psn
|upkeep
|turn|3
|inactive|Raichy has 210 seconds left.
|
|t:|1639867745
|move|p1a: Roserade|Sludge Bomb|p2a: Xatu
|-damage|p2a: Xatu|6/100 psn
|move|p2a: Xatu|U-turn|p1a: Roserade
|-damage|p1a: Roserade|0 fnt
|faint|p1a: Roserade
|inactive|Nalorium has 240 seconds left.
|
|t:|1639867768
|switch|p2a: Krookodile|Krookodile, M|100/100|[from]move: U-turn
|
|upkeep
|inactive|Raichy has 180 seconds left.
|
|t:|1639867791
|switch|p1a: Uxie|Uxie|100/100
|turn|4
|inactive|Raichy has 180 seconds left.
|inactive|Nalorium has 210 seconds left.
|inactive|Nalorium has 180 seconds left.
|
|t:|1639867861
|switch|p2a: Swampert|Swampert, M|100/100
|move|p1a: Uxie|Reflect|p1a: Uxie
|-sidestart|p1: Raichy|Reflect
|
|upkeep
|turn|5
|
|t:|1639867865
|move|p1a: Uxie|Stealth Rock|p2a: Swampert
|-sidestart|p2: Nalorium|move: Stealth Rock
|move|p2a: Swampert|Stealth Rock|p1a: Uxie
|-sidestart|p1: Raichy|move: Stealth Rock
|
|upkeep
|turn|6
|inactive|Nalorium has 180 seconds left.
|
|t:|1639867880
|switch|p2a: Kingdra|Kingdra, F, shiny|100/100
|-damage|p2a: Kingdra|88/100|[from] Stealth Rock
|move|p1a: Uxie|Light Screen|p1a: Uxie
|-sidestart|p1: Raichy|move: Light Screen
|
|-heal|p2a: Kingdra|94/100|[from] item: Leftovers
|upkeep
|turn|7
|inactive|Nalorium has 180 seconds left.
|inactive|Raichy has 180 seconds left.
|inactive|Nalorium has 150 seconds left.
|inactive|Raichy has 150 seconds left.
|inactive|Nalorium has 120 seconds left.
|
|t:|1639867973
|switch|p1a: Mismagius|Mismagius, F|100/100
|-damage|p1a: Mismagius|88/100|[from] Stealth Rock
|move|p2a: Kingdra|Substitute|p2a: Kingdra
|-start|p2a: Kingdra|Substitute
|-damage|p2a: Kingdra|70/100
|
|-heal|p2a: Kingdra|76/100|[from] item: Leftovers
|upkeep
|turn|8
|
|t:|1639867980
|move|p1a: Mismagius|Shadow Ball|p2a: Kingdra
|-end|p2a: Kingdra|Substitute
|move|p2a: Kingdra|Dragon Dance|p2a: Kingdra
|-boost|p2a: Kingdra|atk|1
|-boost|p2a: Kingdra|spe|1
|
|-heal|p2a: Kingdra|82/100|[from] item: Leftovers
|upkeep
|turn|9
|inactive|Nalorium has 90 seconds left.
|
|t:|1639868006
|move|p2a: Kingdra|Substitute|p2a: Kingdra
|-start|p2a: Kingdra|Substitute
|-damage|p2a: Kingdra|57/100
|move|p1a: Mismagius|Shadow Ball|p2a: Kingdra
|-end|p2a: Kingdra|Substitute
|
|-heal|p2a: Kingdra|63/100|[from] item: Leftovers
|upkeep
|turn|10
|
|t:|1639868013
|move|p2a: Kingdra|Substitute|p2a: Kingdra
|-start|p2a: Kingdra|Substitute
|-damage|p2a: Kingdra|39/100
|move|p1a: Mismagius|Shadow Ball|p2a: Kingdra
|-end|p2a: Kingdra|Substitute
|
|-heal|p2a: Kingdra|45/100|[from] item: Leftovers
|upkeep
|turn|11
|
|t:|1639868019
|move|p2a: Kingdra|Substitute|p2a: Kingdra
|-start|p2a: Kingdra|Substitute
|-damage|p2a: Kingdra|20/100
|move|p1a: Mismagius|Shadow Ball|p2a: Kingdra
|-end|p2a: Kingdra|Substitute
|
|-heal|p2a: Kingdra|26/100|[from] item: Leftovers
|-sideend|p1: Raichy|Reflect
|upkeep
|turn|12
|inactive|Raichy has 180 seconds left.
|
|t:|1639868025
|move|p2a: Kingdra|Waterfall|p1a: Mismagius
|-damage|p1a: Mismagius|0 fnt
|faint|p1a: Mismagius
|
|-heal|p2a: Kingdra|32/100|[from] item: Leftovers
|upkeep
|inactive|Raichy has 180 seconds left.
|
|t:|1639868036
|switch|p1a: Sharpedo|Sharpedo, M|100/100
|-damage|p1a: Sharpedo|88/100|[from] Stealth Rock
|turn|13
|inactive|Nalorium has 120 seconds left.
|
|t:|1639868054
|move|p2a: Kingdra|Substitute|p2a: Kingdra
|-start|p2a: Kingdra|Substitute
|-damage|p2a: Kingdra|8/100
|move|p1a: Sharpedo|Crunch|p2a: Kingdra
|-end|p2a: Kingdra|Substitute
|-damage|p1a: Sharpedo|78/100|[from] item: Life Orb
|
|-heal|p2a: Kingdra|14/100|[from] item: Leftovers
|-sideend|p1: Raichy|move: Light Screen
|-ability|p1a: Sharpedo|Speed Boost|boost
|-boost|p1a: Sharpedo|spe|1
|upkeep
|turn|14
|inactive|Nalorium has 120 seconds left.
|
|t:|1639868063
|move|p2a: Kingdra|Outrage|p1a: Sharpedo
|-damage|p1a: Sharpedo|0 fnt
|faint|p1a: Sharpedo
|
|-heal|p2a: Kingdra|20/100|[from] item: Leftovers
|upkeep
|
|t:|1639868067
|switch|p1a: Uxie|Uxie|100/100
|-damage|p1a: Uxie|88/100|[from] Stealth Rock
|turn|15
|
|t:|1639868068
|move|p2a: Kingdra|Outrage|p1a: Uxie|[from]lockedmove
|-damage|p1a: Uxie|29/100
|move|p1a: Uxie|Reflect|p1a: Uxie
|-sidestart|p1: Raichy|Reflect
|
|-heal|p2a: Kingdra|26/100|[from] item: Leftovers
|upkeep
|turn|16
|inactive|Raichy has 210 seconds left.
|
|t:|1639868078
|move|p2a: Kingdra|Outrage|p1a: Uxie|[from]lockedmove
|-damage|p1a: Uxie|0 fnt
|faint|p1a: Uxie
|-start|p2a: Kingdra|confusion|[fatigue]
|
|-heal|p2a: Kingdra|32/100|[from] item: Leftovers
|upkeep
|inactive|Raichy has 210 seconds left.
|
|t:|1639868086
|switch|p1a: Porygon-Z|Porygon-Z|100/100
|-damage|p1a: Porygon-Z|88/100|[from] Stealth Rock
|turn|17
|inactive|Nalorium has 150 seconds left.
|inactive|Nalorium has 120 seconds left.
|
|t:|1639868130
|-activate|p2a: Kingdra|confusion
|move|p2a: Kingdra|Substitute|p2a: Kingdra
|-start|p2a: Kingdra|Substitute
|-damage|p2a: Kingdra|8/100
|move|p1a: Porygon-Z|Nasty Plot|p1a: Porygon-Z
|-boost|p1a: Porygon-Z|spa|2
|
|-heal|p2a: Kingdra|14/100|[from] item: Leftovers
|upkeep
|turn|18
|inactive|Nalorium has 120 seconds left.
|inactive|Raichy has 210 seconds left.
|inactive|Nalorium has 90 seconds left.
|
|t:|1639868181
|-activate|p2a: Kingdra|confusion
|move|p2a: Kingdra|Outrage|p1a: Porygon-Z
|-damage|p1a: Porygon-Z|33/100
|move|p1a: Porygon-Z|Agility|p1a: Porygon-Z
|-boost|p1a: Porygon-Z|spe|2
|
|-heal|p2a: Kingdra|20/100|[from] item: Leftovers
|upkeep
|turn|19
|
|t:|1639868185
|move|p1a: Porygon-Z|Tri Attack|p2a: Kingdra
|-end|p2a: Kingdra|Substitute
|-end|p2a: Kingdra|confusion
|move|p2a: Kingdra|Outrage|p1a: Porygon-Z|[from]lockedmove
|-damage|p1a: Porygon-Z|0 fnt
|faint|p1a: Porygon-Z
|
|-heal|p2a: Kingdra|26/100|[from] item: Leftovers
|upkeep
|
|t:|1639868187
|switch|p1a: Venomoth|Venomoth, F|100/100
|-damage|p1a: Venomoth|76/100|[from] Stealth Rock
|turn|20
|
|t:|1639868190
|move|p2a: Kingdra|Outrage|p1a: Venomoth|[from]lockedmove
|-damage|p1a: Venomoth|12/100
|-start|p2a: Kingdra|confusion|[fatigue]
|move|p1a: Venomoth|Quiver Dance|p1a: Venomoth
|-boost|p1a: Venomoth|spa|1
|-boost|p1a: Venomoth|spd|1
|-boost|p1a: Venomoth|spe|1
|
|-heal|p2a: Kingdra|32/100|[from] item: Leftovers
|upkeep
|turn|21
|
|t:|1639868206
|move|p1a: Venomoth|Bug Buzz|p2a: Kingdra
|-damage|p2a: Kingdra|0 fnt
|faint|p2a: Kingdra
|-damage|p1a: Venomoth|2/100|[from] item: Life Orb
|
|upkeep
|
|t:|1639868209
|switch|p2a: Krookodile|Krookodile, M|100/100
|-damage|p2a: Krookodile|94/100|[from] Stealth Rock
|-ability|p2a: Krookodile|Intimidate|boost
|-unboost|p1a: Venomoth|atk|1
|turn|22
|
|t:|1639868214
|move|p2a: Krookodile|Crunch|p1a: Venomoth
|-damage|p1a: Venomoth|0 fnt
|faint|p1a: Venomoth
|
|win|Nalorium
|c|☆Nalorium|gg
|c|☆Raichy|gg
