|inactive|Battle timer is ON: inactive players will automatically lose when time's up.
|t:|1644098861
|gametype|singles
|player|p1|gilbert arenas|#splxiiityrants|
|player|p2|lexrn|cress|
|teamsize|p1|6
|teamsize|p2|6
|gen|5
|tier|[Gen 5] OU
|rule|Species Clause: Limit one of each Pokémon
|rule|OHKO Clause: OHKO moves are banned
|rule|Moody Clause: Moody is banned
|rule|Evasion Moves Clause: Evasion moves are banned
|rule|Endless Battle Clause: Forcing endless battles is banned
|rule|HP Percentage Mod: HP is shown in percentages
|rule|Evasion Abilities Clause: Evasion abilities are banned
|rule|Sleep Clause: Sleep-inducing moves are banned
|rule|Swagger Clause: Swagger is banned
|clearpoke
|poke|p1|Politoed, M|item
|poke|p1|Latios, M|item
|poke|p1|Ferrothorn, M|item
|poke|p1|Keldeo|item
|poke|p1|Mamoswine, M|item
|poke|p1|Tentacruel, M|item
|poke|p2|Aerodactyl, M|item
|poke|p2|Dragonite, M|item
|poke|p2|Cloyster, M|item
|poke|p2|Scizor, M|item
|poke|p2|Latios, M|item
|poke|p2|Volcarona, F|item
|teampreview
|inactive|lexrn also wants the timer to be on.
|c|☆gilbert arenas|hf
|c|☆lexrn|u2
|inactive|gilbert arenas has 270 seconds left.
|
|t:|1644098895
|start
|switch|p1a: Keldeo|Keldeo|100/100
|switch|p2a: monai team|Aerodactyl, M|100/100
|-ability|p2a: monai team|Pressure
|turn|1
|
|t:|1644098905
|move|p2a: monai team|Stealth Rock|p1a: Keldeo
|-sidestart|p1: gilbert arenas|move: Stealth Rock
|move|p1a: Keldeo|Surf|p2a: monai team
|-supereffective|p2a: monai team
|-enditem|p2a: monai team|Focus Sash
|-damage|p2a: monai team|1/100
|
|upkeep
|turn|2
|
|t:|1644098911
|move|p1a: Keldeo|Aqua Jet|p2a: monai team
|-supereffective|p2a: monai team
|-damage|p2a: monai team|0 fnt
|faint|p2a: monai team
|
|upkeep
|
|t:|1644098914
|switch|p2a: negative skill|Latios, M|100/100
|turn|3
|
|t:|1644098925
|move|p2a: negative skill|Draco Meteor|p1a: Keldeo
|-enditem|p2a: negative skill|Dragon Gem|[from] gem
|-damage|p1a: Keldeo|0 fnt
|-unboost|p2a: negative skill|spa|2
|faint|p1a: Keldeo
|
|upkeep
|
|t:|1644098928
|switch|p1a: Ferrothorn|Ferrothorn, M|100/100
|-damage|p1a: Ferrothorn|94/100|[from] Stealth Rock
|turn|4
|
|t:|1644098933
|switch|p2a: 0 skill|Volcarona, F|100/100
|move|p1a: Ferrothorn|Stealth Rock|p2a: 0 skill
|-sidestart|p2: lexrn|move: Stealth Rock
|
|-heal|p1a: Ferrothorn|100/100|[from] item: Leftovers
|upkeep
|turn|5
|
|t:|1644098946
|switch|p1a: Politoed|Politoed, M|100/100
|-damage|p1a: Politoed|88/100|[from] Stealth Rock
|-weather|RainDance|[from] ability: Drizzle|[of] p1a: Politoed
|move|p2a: 0 skill|Quiver Dance|p2a: 0 skill
|-boost|p2a: 0 skill|spa|1
|-boost|p2a: 0 skill|spd|1
|-boost|p2a: 0 skill|spe|1
|
|-weather|RainDance|[upkeep]
|upkeep
|turn|6
|
|t:|1644098960
|move|p2a: 0 skill|Bug Buzz|p1a: Politoed
|-damage|p1a: Politoed|16/100
|move|p1a: Politoed|Encore|p2a: 0 skill
|-start|p2a: 0 skill|Encore
|
|-weather|RainDance|[upkeep]
|upkeep
|turn|7
|
|t:|1644098964
|switch|p1a: Tentacruel|Tentacruel, M|100/100
|-damage|p1a: Tentacruel|88/100|[from] Stealth Rock
|move|p2a: 0 skill|Bug Buzz|p1a: Tentacruel
|-resisted|p1a: Tentacruel
|-damage|p1a: Tentacruel|60/100
|
|-weather|RainDance|[upkeep]
|-heal|p1a: Tentacruel|66/100|[from] ability: Rain Dish
|-heal|p1a: Tentacruel|72/100|[from] item: Black Sludge
|upkeep
|turn|8
|
|t:|1644098972
|move|p2a: 0 skill|Bug Buzz|p1a: Tentacruel
|-resisted|p1a: Tentacruel
|-damage|p1a: Tentacruel|43/100
|move|p1a: Tentacruel|Scald|p2a: 0 skill
|-supereffective|p2a: 0 skill
|-damage|p2a: 0 skill|54/100
|
|-weather|RainDance|[upkeep]
|-heal|p1a: Tentacruel|49/100|[from] ability: Rain Dish
|-heal|p1a: Tentacruel|55/100|[from] item: Black Sludge
|upkeep
|turn|9
|
|t:|1644098979
|move|p2a: 0 skill|Bug Buzz|p1a: Tentacruel
|-resisted|p1a: Tentacruel
|-damage|p1a: Tentacruel|29/100
|move|p1a: Tentacruel|Scald|p2a: 0 skill
|-supereffective|p2a: 0 skill
|-damage|p2a: 0 skill|11/100
|
|-weather|RainDance|[upkeep]
|-heal|p1a: Tentacruel|35/100|[from] ability: Rain Dish
|-heal|p1a: Tentacruel|41/100|[from] item: Black Sludge
|-end|p2a: 0 skill|Encore
|upkeep
|turn|10
|
|t:|1644098982
|move|p1a: Tentacruel|Protect|p1a: Tentacruel
|-singleturn|p1a: Tentacruel|Protect
|move|p2a: 0 skill|Psychic|p1a: Tentacruel
|-activate|p1a: Tentacruel|move: Protect
|
|-weather|RainDance|[upkeep]
|-heal|p1a: Tentacruel|47/100|[from] ability: Rain Dish
|-heal|p1a: Tentacruel|53/100|[from] item: Black Sludge
|upkeep
|turn|11
|
|t:|1644098991
|switch|p1a: Politoed|Politoed, M|16/100
|-damage|p1a: Politoed|3/100|[from] Stealth Rock
|move|p2a: 0 skill|Psychic|p1a: Politoed
|-damage|p1a: Politoed|0 fnt
|faint|p1a: Politoed
|
|-weather|RainDance|[upkeep]
|upkeep
|
|t:|1644098995
|switch|p1a: Mamoswine|Mamoswine, M|100/100
|-damage|p1a: Mamoswine|88/100|[from] Stealth Rock
|turn|12
|
|t:|1644098997
|move|p1a: Mamoswine|Ice Shard|p2a: 0 skill
|-resisted|p2a: 0 skill
|-damage|p2a: 0 skill|0 fnt
|faint|p2a: 0 skill
|
|-weather|RainDance|[upkeep]
|upkeep
|
|t:|1644099011
|switch|p2a: lacking skill|Scizor, M|100/100
|-damage|p2a: lacking skill|88/100|[from] Stealth Rock
|turn|13
|
|t:|1644099020
|move|p2a: lacking skill|U-turn|p1a: Mamoswine
|-damage|p1a: Mamoswine|51/100
|
|t:|1644099022
|switch|p2a: negative skill|Latios, M|100/100|[from]move: U-turn
|-damage|p2a: negative skill|88/100|[from] Stealth Rock
|move|p1a: Mamoswine|Earthquake|p2a: negative skill
|-immune|p2a: negative skill|[from] ability: Levitate
|
|-weather|RainDance|[upkeep]
|upkeep
|turn|14
|
|t:|1644099024
|switch|p1a: Ferrothorn|Ferrothorn, M|100/100
|-damage|p1a: Ferrothorn|94/100|[from] Stealth Rock
|move|p2a: negative skill|Memento|p1a: Ferrothorn
|-unboost|p1a: Ferrothorn|atk|2
|-unboost|p1a: Ferrothorn|spa|2
|faint|p2a: negative skill
|
|-weather|RainDance|[upkeep]
|-heal|p1a: Ferrothorn|100/100|[from] item: Leftovers
|upkeep
|
|t:|1644099029
|switch|p2a: no skill|Dragonite, M|100/100
|-damage|p2a: no skill|76/100|[from] Stealth Rock
|turn|15
|
|t:|1644099050
|switch|p1a: Latios|Latios, M|100/100
|-damage|p1a: Latios|88/100|[from] Stealth Rock
|move|p2a: no skill|Fire Punch|p1a: Latios
|-resisted|p1a: Latios
|-damage|p1a: Latios|79/100
|
|-weather|RainDance|[upkeep]
|upkeep
|turn|16
|
|t:|1644099069
|move|p2a: no skill|Extreme Speed|p1a: Latios
|-damage|p1a: Latios|37/100
|move|p1a: Latios|Draco Meteor|p2a: no skill
|-enditem|p1a: Latios|Dragon Gem|[from] gem
|-supereffective|p2a: no skill
|-damage|p2a: no skill|0 fnt
|-unboost|p1a: Latios|spa|2
|faint|p2a: no skill
|
|-weather|RainDance|[upkeep]
|upkeep
|
|t:|1644099074
|switch|p2a: lacking skill|Scizor, M|88/100
|-damage|p2a: lacking skill|76/100|[from] Stealth Rock
|turn|17
|
|t:|1644099081
|move|p2a: lacking skill|U-turn|p1a: Latios
|-supereffective|p1a: Latios
|-damage|p1a: Latios|0 fnt
|faint|p1a: Latios
|
|t:|1644099083
|switch|p2a: zero skill|Cloyster, M|100/100|[from]move: U-turn
|-damage|p2a: zero skill|76/100|[from] Stealth Rock
|
|-weather|RainDance|[upkeep]
|upkeep
|
|t:|1644099086
|switch|p1a: Ferrothorn|Ferrothorn, M|100/100
|-damage|p1a: Ferrothorn|94/100|[from] Stealth Rock
|turn|18
|inactive|lexrn has 270 seconds left.
|
|t:|1644099143
|move|p2a: zero skill|Shell Smash|p2a: zero skill
|-unboost|p2a: zero skill|def|1
|-unboost|p2a: zero skill|spd|1
|-boost|p2a: zero skill|atk|2
|-boost|p2a: zero skill|spa|2
|-boost|p2a: zero skill|spe|2
|move|p1a: Ferrothorn|Power Whip|p2a: zero skill
|-supereffective|p2a: zero skill
|-damage|p2a: zero skill|0 fnt
|faint|p2a: zero skill
|
|-weather|RainDance|[upkeep]
|-heal|p1a: Ferrothorn|100/100|[from] item: Leftovers
|upkeep
|c|☆lexrn|gg
|
|t:|1644099146
|switch|p2a: lacking skill|Scizor, M|76/100
|-damage|p2a: lacking skill|63/100|[from] Stealth Rock
|turn|19
|c|☆gilbert arenas|emma i have won
|
|t:|1644099155
|move|p2a: lacking skill|Superpower|p1a: Ferrothorn
|-supereffective|p1a: Ferrothorn
|-damage|p1a: Ferrothorn|48/100
|-unboost|p2a: lacking skill|atk|1
|-unboost|p2a: lacking skill|def|1
|-damage|p2a: lacking skill|51/100|[from] ability: Iron Barbs|[of] p1a: Ferrothorn
|move|p1a: Ferrothorn|Spikes|p2a: lacking skill
|-sidestart|p2: lexrn|Spikes
|
|-weather|RainDance|[upkeep]
|-heal|p1a: Ferrothorn|54/100|[from] item: Leftovers
|upkeep
|turn|20
|c|☆gilbert arenas|gg
|inactive|gilbert arenas disconnected and has 300 seconds to reconnect!
|player|p1|
|inactive|gilbert arenas has 270 seconds to reconnect!
|inactive|gilbert arenas reconnected and has 295 seconds left.
|player|p1|gilbert arenas|#splxiiityrants
|
|t:|1644099200
|move|p2a: lacking skill|Superpower|p1a: Ferrothorn
|-supereffective|p1a: Ferrothorn
|-damage|p1a: Ferrothorn|15/100
|-unboost|p2a: lacking skill|atk|1
|-unboost|p2a: lacking skill|def|1
|-damage|p2a: lacking skill|38/100|[from] ability: Iron Barbs|[of] p1a: Ferrothorn
|move|p1a: Ferrothorn|Spikes|p2a: lacking skill
|-sidestart|p2: lexrn|Spikes
|
|-weather|RainDance|[upkeep]
|-heal|p1a: Ferrothorn|22/100|[from] item: Leftovers
|upkeep
|turn|21
|
|t:|1644099205
|move|p2a: lacking skill|Superpower|p1a: Ferrothorn
|-supereffective|p1a: Ferrothorn
|-damage|p1a: Ferrothorn|0 fnt
|-unboost|p2a: lacking skill|atk|1
|-unboost|p2a: lacking skill|def|1
|-damage|p2a: lacking skill|26/100|[from] ability: Iron Barbs|[of] p1a: Ferrothorn
|faint|p1a: Ferrothorn
|
|-weather|RainDance|[upkeep]
|upkeep
|
|t:|1644099207
|switch|p1a: Mamoswine|Mamoswine, M|51/100
|-damage|p1a: Mamoswine|39/100|[from] Stealth Rock
|turn|22
|
|t:|1644099208
|move|p1a: Mamoswine|Ice Shard|p2a: lacking skill
|-resisted|p2a: lacking skill
|-crit|p2a: lacking skill
|-damage|p2a: lacking skill|0 fnt
|faint|p2a: lacking skill
|
|win|gilbert arenas
