|inactive|Battle timer is ON: inactive players will automatically lose when time's up.
|t:|1632759981
|gametype|singles
|player|p1|Garay oak|dawn-gen4pt|
|player|p2|Lasen|psychic-gen1rb|
|teamsize|p1|6
|teamsize|p2|6
|gen|5
|tier|[Gen 5] NU
|rule|Species Clause: Limit one of each Pokémon
|rule|OHKO Clause: OHKO moves are banned
|rule|Moody Clause: Moody is banned
|rule|Evasion Moves Clause: Evasion moves are banned
|rule|Endless Battle Clause: Forcing endless battles is banned
|rule|HP Percentage Mod: HP is shown in percentages
|rule|Evasion Abilities Clause: Evasion abilities are banned
|rule|Baton Pass Clause: Limit one Baton Passer, can't pass Spe and other stats simultaneously
|rule|Swagger Clause: Swagger is banned
|rule|Sleep Clause Mod: Limit one foe put to sleep
|clearpoke
|poke|p1|Charizard, M|item
|poke|p1|Natu, F|item
|poke|p1|Skuntank, M|item
|poke|p1|Golurk|item
|poke|p1|Alomomola, F|item
|poke|p1|Rotom-Frost|item
|poke|p2|Seismitoad, M|item
|poke|p2|Regirock|item
|poke|p2|Skuntank, M|item
|poke|p2|Misdreavus, M|item
|poke|p2|Braviary, M|item
|poke|p2|Gardevoir, M|item
|teampreview
|inactive|Lasen also wants the timer to be on.
|c|☆Lasen|hf
|c|☆Garay oak|hf
|c|+Pohjis|garay oak against lasen
|c|☆Lasen|damn you prepped for the cheese
|c|+Pohjis|roa olympics
|c|☆Lasen|with natu
|c|☆Lasen|not roa olympics
|c|☆Lasen|just the spotlight tour
|c|☆Garay oak|not quite, pohjis
|c|☆Garay oak|it's for bw nu cup
|inactive|Garay oak has 270 seconds left.
|inactive|Lasen has 270 seconds left.
|
|t:|1632760030
|start
|switch|p1a: Rotom|Rotom-Frost|100/100
|switch|p2a: Seismitoad|Seismitoad, M|100/100
|turn|1
|
|t:|1632760054
|move|p1a: Rotom|Trick|p2a: Seismitoad
|-activate|p1a: Rotom|move: Trick|[of] p2a: Seismitoad
|-item|p2a: Seismitoad|Choice Scarf|[from] move: Trick
|-item|p1a: Rotom|Leftovers|[from] move: Trick
|move|p2a: Seismitoad|Hydro Pump|p1a: Rotom
|-damage|p1a: Rotom|38/100
|
|-heal|p1a: Rotom|44/100|[from] item: Leftovers
|upkeep
|turn|2
|inactive|Lasen has 270 seconds left.
|
|t:|1632760076
|switch|p2a: Gardevoir|Gardevoir, M|100/100
|-ability|p2a: Gardevoir|Levitate|[from] ability: Trace|[of] p1a: Rotom
|switch|p1a: Alomomola|Alomomola, F|100/100
|
|upkeep
|turn|3
|inactive|Lasen has 270 seconds left.
|
|t:|1632760098
|move|p1a: Alomomola|Protect|p1a: Alomomola
|-singleturn|p1a: Alomomola|Protect
|move|p2a: Gardevoir|Thunderbolt|p1a: Alomomola
|-activate|p1a: Alomomola|move: Protect
|
|upkeep
|turn|4
|
|t:|1632760107
|move|p2a: Gardevoir|Thunderbolt|p1a: Alomomola
|-supereffective|p1a: Alomomola
|-damage|p1a: Alomomola|15/100
|-damage|p2a: Gardevoir|91/100|[from] item: Life Orb
|move|p1a: Alomomola|Wish|p1a: Alomomola
|
|-heal|p1a: Alomomola|21/100|[from] item: Leftovers
|upkeep
|turn|5
|inactive|Lasen has 270 seconds left.
|
|t:|1632760121
|switch|p2a: Regirock|Regirock|100/100
|switch|p1a: Skuntank|Skuntank, M|100/100
|
|upkeep
|turn|6
|inactive|Lasen has 270 seconds left.
|
|t:|1632760127
|switch|p1a: Natu|Natu, F|100/100
|move|p2a: Regirock|Stone Edge|p1a: Natu
|-supereffective|p1a: Natu
|-damage|p1a: Natu|14/100
|
|upkeep
|turn|7
|
|t:|1632760135
|switch|p2a: Skuntank|Skuntank, M|100/100
|move|p1a: Natu|Roost|p1a: Natu
|-heal|p1a: Natu|64/100
|-singleturn|p1a: Natu|move: Roost
|
|upkeep
|turn|8
|
|t:|1632760141
|move|p2a: Skuntank|Pursuit|p1a: Natu
|-supereffective|p1a: Natu
|-damage|p1a: Natu|21/100
|move|p1a: Natu|Sunny Day|p1a: Natu
|-weather|SunnyDay
|
|-weather|SunnyDay|[upkeep]
|upkeep
|turn|9
|
|t:|1632760146
|-activate|p1a: Natu|move: Pursuit
|move|p2a: Skuntank|Pursuit|p1a: Natu|[from]Pursuit
|-supereffective|p1a: Natu
|-damage|p1a: Natu|0 fnt
|faint|p1a: Natu
|-hint|A Pokemon can't switch between when it runs out of HP and when it faints
|
|-weather|SunnyDay|[upkeep]
|upkeep
|
|t:|1632760148
|switch|p1a: Charizard|Charizard, M|100/100
|turn|10
|c|☆Lasen|I am being genuine when I say this
|c|☆Lasen|perdemos.
|
|t:|1632760159
|move|p2a: Skuntank|Sucker Punch|p1a: Charizard
|-damage|p1a: Charizard|44/100
|move|p1a: Charizard|Overheat|p2a: Skuntank|[miss]
|-miss|p1a: Charizard|p2a: Skuntank
|
|-weather|SunnyDay|[upkeep]
|-damage|p1a: Charizard|31/100|[from] ability: Solar Power|[of] p1a: Charizard
|upkeep
|turn|11
|c|☆Lasen|ouch
|c|☆Lasen|srry about that
|
|t:|1632760173
|switch|p1a: Golurk|Golurk|100/100
|switch|p2a: Regirock|Regirock|100/100
|
|-weather|SunnyDay|[upkeep]
|upkeep
|turn|12
|
|t:|1632760193
|move|p1a: Golurk|Earthquake|p2a: Regirock
|-supereffective|p2a: Regirock
|-damage|p2a: Regirock|59/100
|move|p2a: Regirock|Stealth Rock|p1a: Golurk
|-sidestart|p1: Garay oak|move: Stealth Rock
|
|-weather|none
|-heal|p2a: Regirock|65/100|[from] item: Leftovers
|upkeep
|turn|13
|c|☆Garay oak|I hope you know
|c|☆Garay oak|this gets one shotted by overheat
|c|☆Lasen|regi?
|c|☆Garay oak|yes
|c|☆Lasen|it's a sack
|c|☆Lasen|not a resist
|c|☆Lasen|rofl
|inactive|Garay oak has 270 seconds left.
|inactive|Lasen has 270 seconds left.
|
|t:|1632760229
|switch|p2a: Seismitoad|Seismitoad, M|100/100
|move|p1a: Golurk|Stealth Rock|p2a: Seismitoad
|-sidestart|p2: Lasen|move: Stealth Rock
|
|upkeep
|turn|14
|inactive|Lasen has 270 seconds left.
|inactive|Garay oak has 270 seconds left.
|
|t:|1632760240
|switch|p1a: Alomomola|Alomomola, F|54/100
|-damage|p1a: Alomomola|42/100|[from] Stealth Rock
|move|p2a: Seismitoad|Hydro Pump|p1a: Alomomola
|-resisted|p1a: Alomomola
|-damage|p1a: Alomomola|21/100
|
|-heal|p1a: Alomomola|27/100|[from] item: Leftovers
|upkeep
|turn|15
|inactive|Lasen has 270 seconds left.
|
|t:|1632760261
|switch|p2a: Gardevoir|Gardevoir, M|91/100
|-damage|p2a: Gardevoir|78/100|[from] Stealth Rock
|-ability|p2a: Gardevoir|Regenerator|[from] ability: Trace|[of] p1a: Alomomola
|move|p1a: Alomomola|Wish|p1a: Alomomola
|
|-heal|p1a: Alomomola|33/100|[from] item: Leftovers
|upkeep
|turn|16
|
|t:|1632760266
|switch|p1a: Skuntank|Skuntank, M|100/100
|-damage|p1a: Skuntank|88/100|[from] Stealth Rock
|move|p2a: Gardevoir|Thunderbolt|p1a: Skuntank
|-damage|p1a: Skuntank|41/100
|-status|p1a: Skuntank|par
|-enditem|p1a: Skuntank|Lum Berry|[eat]
|-curestatus|p1a: Skuntank|par|[msg]
|-damage|p2a: Gardevoir|69/100|[from] item: Life Orb
|
|-heal|p1a: Skuntank|100/100|[from] move: Wish|[wisher] Alomomola
|upkeep
|turn|17
|
|t:|1632760272
|move|p1a: Skuntank|Sucker Punch||[still]
|-fail|p1a: Skuntank
|move|p2a: Gardevoir|Destiny Bond|p2a: Gardevoir
|-singlemove|p2a: Gardevoir|Destiny Bond
|
|upkeep
|turn|18
|
|t:|1632760278
|move|p2a: Gardevoir|Focus Blast|p1a: Skuntank
|-damage|p1a: Skuntank|36/100
|-damage|p2a: Gardevoir|59/100|[from] item: Life Orb
|move|p1a: Skuntank|Taunt|p2a: Gardevoir
|-start|p2a: Gardevoir|move: Taunt
|
|upkeep
|turn|19
|
|t:|1632760294
|move|p2a: Gardevoir|Focus Blast|p1a: Skuntank|[miss]
|-miss|p2a: Gardevoir|p1a: Skuntank
|move|p1a: Skuntank|Pursuit|p2a: Gardevoir
|-supereffective|p2a: Gardevoir
|-damage|p2a: Gardevoir|0 fnt
|faint|p2a: Gardevoir
|
|upkeep
|
|t:|1632760300
|switch|p2a: Seismitoad|Seismitoad, M|100/100
|-damage|p2a: Seismitoad|95/100|[from] Stealth Rock
|turn|20
|
|t:|1632760310
|switch|p1a: Alomomola|Alomomola, F|66/100
|-damage|p1a: Alomomola|54/100|[from] Stealth Rock
|move|p2a: Seismitoad|Earth Power|p1a: Alomomola
|-damage|p1a: Alomomola|18/100
|
|-heal|p1a: Alomomola|24/100|[from] item: Leftovers
|upkeep
|turn|21
|
|t:|1632760313
|move|p1a: Alomomola|Protect|p1a: Alomomola
|-singleturn|p1a: Alomomola|Protect
|move|p2a: Seismitoad|Earth Power|p1a: Alomomola
|-activate|p1a: Alomomola|move: Protect
|
|-heal|p1a: Alomomola|30/100|[from] item: Leftovers
|upkeep
|turn|22
|
|t:|1632760322
|switch|p2a: Regirock|Regirock|65/100
|-damage|p2a: Regirock|52/100|[from] Stealth Rock
|switch|p1a: Rotom|Rotom-Frost|44/100
|-damage|p1a: Rotom|19/100|[from] Stealth Rock
|
|-heal|p1a: Rotom|25/100|[from] item: Leftovers
|-heal|p2a: Regirock|58/100|[from] item: Leftovers
|upkeep
|turn|23
|
|t:|1632760330
|move|p1a: Rotom|Volt Switch|p2a: Regirock
|-damage|p2a: Regirock|28/100
|
|t:|1632760333
|switch|p1a: Golurk|Golurk|100/100|[from]move: Volt Switch
|-damage|p1a: Golurk|94/100|[from] Stealth Rock
|move|p2a: Regirock|Stone Edge|p1a: Golurk
|-resisted|p1a: Golurk
|-damage|p1a: Golurk|75/100
|
|-heal|p2a: Regirock|34/100|[from] item: Leftovers
|upkeep
|turn|24
|
|t:|1632760339
|move|p1a: Golurk|Earthquake|p2a: Regirock
|-supereffective|p2a: Regirock
|-damage|p2a: Regirock|0 fnt
|faint|p2a: Regirock
|
|upkeep
|
|t:|1632760346
|switch|p2a: Misdreavus|Misdreavus, M|100/100
|-damage|p2a: Misdreavus|88/100|[from] Stealth Rock
|turn|25
|
|t:|1632760350
|move|p2a: Misdreavus|Shadow Ball|p1a: Golurk
|-supereffective|p1a: Golurk
|-damage|p1a: Golurk|12/100
|-unboost|p1a: Golurk|spd|1
|move|p1a: Golurk|Toxic|p2a: Misdreavus
|-status|p2a: Misdreavus|tox
|
|-damage|p2a: Misdreavus|82/100 tox|[from] psn
|upkeep
|turn|26
|
|t:|1632760356
|switch|p1a: Alomomola|Alomomola, F|63/100
|-damage|p1a: Alomomola|51/100|[from] Stealth Rock
|move|p2a: Misdreavus|Shadow Ball|p1a: Alomomola
|-damage|p1a: Alomomola|19/100
|
|-heal|p1a: Alomomola|25/100|[from] item: Leftovers
|-damage|p2a: Misdreavus|70/100 tox|[from] psn
|upkeep
|turn|27
|
|t:|1632760360
|move|p1a: Alomomola|Protect|p1a: Alomomola
|-singleturn|p1a: Alomomola|Protect
|move|p2a: Misdreavus|Shadow Ball|p1a: Alomomola
|-activate|p1a: Alomomola|move: Protect
|
|-heal|p1a: Alomomola|31/100|[from] item: Leftovers
|-damage|p2a: Misdreavus|51/100 tox|[from] psn
|upkeep
|turn|28
|
|t:|1632760369
|switch|p1a: Golurk|Golurk|12/100
|-damage|p1a: Golurk|6/100|[from] Stealth Rock
|move|p2a: Misdreavus|Shadow Ball|p1a: Golurk
|-supereffective|p1a: Golurk
|-damage|p1a: Golurk|0 fnt
|faint|p1a: Golurk
|
|-damage|p2a: Misdreavus|27/100 tox|[from] psn
|upkeep
|
|t:|1632760373
|switch|p1a: Alomomola|Alomomola, F|64/100
|-damage|p1a: Alomomola|52/100|[from] Stealth Rock
|turn|29
|
|t:|1632760384
|move|p1a: Alomomola|Protect|p1a: Alomomola
|-singleturn|p1a: Alomomola|Protect
|move|p2a: Misdreavus|Nasty Plot|p2a: Misdreavus
|-boost|p2a: Misdreavus|spa|2
|
|-heal|p1a: Alomomola|58/100|[from] item: Leftovers
|-damage|p2a: Misdreavus|0 fnt|[from] psn
|faint|p2a: Misdreavus
|upkeep
|inactive|Lasen has 270 seconds left.
|inactive|Lasen has 240 seconds left.
|
|t:|1632760449
|switch|p2a: Seismitoad|Seismitoad, M|95/100
|-damage|p2a: Seismitoad|89/100|[from] Stealth Rock
|turn|30
|inactive|Lasen has 240 seconds left.
|
|t:|1632760459
|move|p2a: Seismitoad|Earth Power|p1a: Alomomola
|-damage|p1a: Alomomola|21/100
|move|p1a: Alomomola|Wish|p1a: Alomomola
|
|-heal|p1a: Alomomola|27/100|[from] item: Leftovers
|upkeep
|turn|31
|
|t:|1632760466
|move|p1a: Alomomola|Protect|p1a: Alomomola
|-singleturn|p1a: Alomomola|Protect
|move|p2a: Seismitoad|Earth Power|p1a: Alomomola
|-activate|p1a: Alomomola|move: Protect
|
|-heal|p1a: Alomomola|77/100|[from] move: Wish|[wisher] Alomomola
|-heal|p1a: Alomomola|84/100|[from] item: Leftovers
|upkeep
|turn|32
|
|t:|1632760470
|move|p2a: Seismitoad|Earth Power|p1a: Alomomola
|-damage|p1a: Alomomola|46/100
|-unboost|p1a: Alomomola|spd|1
|move|p1a: Alomomola|Toxic|p2a: Seismitoad
|-status|p2a: Seismitoad|tox
|
|-heal|p1a: Alomomola|52/100|[from] item: Leftovers
|-damage|p2a: Seismitoad|83/100 tox|[from] psn
|upkeep
|turn|33
|
|t:|1632760474
|move|p1a: Alomomola|Protect|p1a: Alomomola
|-singleturn|p1a: Alomomola|Protect
|move|p2a: Seismitoad|Earth Power|p1a: Alomomola
|-activate|p1a: Alomomola|move: Protect
|
|-heal|p1a: Alomomola|59/100|[from] item: Leftovers
|-damage|p2a: Seismitoad|71/100 tox|[from] psn
|upkeep
|turn|34
|
|t:|1632760490
|move|p2a: Seismitoad|Earth Power|p1a: Alomomola
|-damage|p1a: Alomomola|3/100
|move|p1a: Alomomola|Wish|p1a: Alomomola
|
|-heal|p1a: Alomomola|9/100|[from] item: Leftovers
|-damage|p2a: Seismitoad|53/100 tox|[from] psn
|upkeep
|turn|35
|
|t:|1632760495
|switch|p2a: Skuntank|Skuntank, M|100/100
|-damage|p2a: Skuntank|88/100|[from] Stealth Rock
|move|p1a: Alomomola|Protect||[still]
|-fail|p1a: Alomomola
|
|-heal|p1a: Alomomola|59/100|[from] move: Wish|[wisher] Alomomola
|-heal|p1a: Alomomola|65/100|[from] item: Leftovers
|upkeep
|turn|36
|
|t:|1632760498
|move|p1a: Alomomola|Protect|p1a: Alomomola
|-singleturn|p1a: Alomomola|Protect
|move|p2a: Skuntank|Taunt|p1a: Alomomola
|-activate|p1a: Alomomola|move: Protect
|
|-heal|p1a: Alomomola|72/100|[from] item: Leftovers
|upkeep
|turn|37
|
|t:|1632760501
|move|p2a: Skuntank|Taunt|p1a: Alomomola
|-start|p1a: Alomomola|move: Taunt
|move|p1a: Alomomola|Scald|p2a: Skuntank
|-damage|p2a: Skuntank|72/100
|
|-heal|p1a: Alomomola|78/100|[from] item: Leftovers
|upkeep
|turn|38
|
|t:|1632760504
|move|p2a: Skuntank|Crunch|p1a: Alomomola
|-damage|p1a: Alomomola|55/100
|move|p1a: Alomomola|Scald|p2a: Skuntank
|-damage|p2a: Skuntank|54/100
|-status|p2a: Skuntank|brn
|
|-heal|p1a: Alomomola|61/100|[from] item: Leftovers
|-damage|p2a: Skuntank|41/100 brn|[from] brn
|upkeep
|turn|39
|
|t:|1632760508
|move|p2a: Skuntank|Crunch|p1a: Alomomola
|-damage|p1a: Alomomola|49/100
|-unboost|p1a: Alomomola|def|1
|move|p1a: Alomomola|Scald|p2a: Skuntank
|-damage|p2a: Skuntank|23/100 brn
|
|-heal|p1a: Alomomola|55/100|[from] item: Leftovers
|-damage|p2a: Skuntank|10/100 brn|[from] brn
|-end|p1a: Alomomola|move: Taunt
|upkeep
|turn|40
|
|t:|1632760519
|move|p2a: Skuntank|Taunt|p1a: Alomomola
|-start|p1a: Alomomola|move: Taunt
|cant|p1a: Alomomola|move: Taunt|Wish
|
|-heal|p1a: Alomomola|62/100|[from] item: Leftovers
|-damage|p2a: Skuntank|0 fnt|[from] brn
|faint|p2a: Skuntank
|upkeep
|
|t:|1632760522
|switch|p2a: Seismitoad|Seismitoad, M|53/100 tox
|-damage|p2a: Seismitoad|47/100 tox|[from] Stealth Rock
|turn|41
|
|t:|1632760528
|switch|p1a: Charizard|Charizard, M|31/100
|-damage|p1a: Charizard|0 fnt|[from] Stealth Rock
|faint|p1a: Charizard
|move|p2a: Seismitoad|Hydro Pump|p1: Charizard|[notarget]
|-fail|p2a: Seismitoad
|
|-damage|p2a: Seismitoad|41/100 tox|[from] psn
|upkeep
|
|t:|1632760535
|switch|p1a: Alomomola|Alomomola, F|95/100
|-damage|p1a: Alomomola|82/100|[from] Stealth Rock
|turn|42
|
|t:|1632760540
|switch|p2a: Braviary|Braviary, M|100/100
|-damage|p2a: Braviary|76/100|[from] Stealth Rock
|move|p1a: Alomomola|Wish|p1a: Alomomola
|
|-heal|p1a: Alomomola|89/100|[from] item: Leftovers
|upkeep
|turn|43
|
|t:|1632760544
|move|p2a: Braviary|Brave Bird|p1a: Alomomola
|-crit|p1a: Alomomola
|-damage|p1a: Alomomola|25/100
|-damage|p2a: Braviary|45/100|[from] Recoil
|move|p1a: Alomomola|Toxic|p2a: Braviary
|-status|p2a: Braviary|tox
|
|-heal|p1a: Alomomola|75/100|[from] move: Wish|[wisher] Alomomola
|-heal|p1a: Alomomola|81/100|[from] item: Leftovers
|-damage|p2a: Braviary|39/100 tox|[from] psn
|upkeep
|turn|44
|c|☆Lasen|gg!
|-message|Lasen forfeited.
|
|win|Garay oak
