|inactive|Battle timer is ON: inactive players will automatically lose when time's up.
|t:|1633206383
|gametype|singles
|player|p1|THE PDC SHOW|cheryl|
|player|p2|watashi|#flcl|
|teamsize|p1|6
|teamsize|p2|6
|gen|5
|tier|[Gen 5] NU
|rule|Species Clause: Limit one of each Pokémon
|rule|OHKO Clause: OHKO moves are banned
|rule|Moody Clause: Moody is banned
|rule|Evasion Moves Clause: Evasion moves are banned
|rule|Endless Battle Clause: Forcing endless battles is banned
|rule|HP Percentage Mod: HP is shown in percentages
|rule|Evasion Abilities Clause: Evasion abilities are banned
|rule|Baton Pass Clause: Limit one Baton Passer, can't pass Spe and other stats simultaneously
|rule|Swagger Clause: Swagger is banned
|rule|Sleep Clause Mod: Limit one foe put to sleep
|clearpoke
|poke|p1|Garbodor, F|item
|poke|p1|Primeape, M|item
|poke|p1|Serperior, M|item
|poke|p1|Piloswine, M|item
|poke|p1|Skuntank, M|item
|poke|p1|Rotom-Fan|item
|poke|p2|Duosion, M|item
|poke|p2|Garbodor, M|item
|poke|p2|Misdreavus, F|item
|poke|p2|Serperior, M|item
|poke|p2|Seismitoad, F|item
|poke|p2|Rotom-Frost|item
|teampreview
|c|☆watashi|gl hf
|c|☆watashi|i can see where this games going
|c|☆THE PDC SHOW|gl hf
|inactive|THE PDC SHOW has 270 seconds left.
|
|t:|1633206426
|start
|switch|p1a: Primeape|Primeape, M|100/100
|switch|p2a: Seismitoad|Seismitoad, F|100/100
|turn|1
|
|t:|1633206430
|move|p1a: Primeape|Taunt|p2a: Seismitoad
|-start|p2a: Seismitoad|move: Taunt
|cant|p2a: Seismitoad|move: Taunt|Stealth Rock
|
|upkeep
|turn|2
|
|t:|1633206434
|move|p1a: Primeape|U-turn|p2a: Seismitoad
|-crit|p2a: Seismitoad
|-damage|p2a: Seismitoad|53/100
|inactive|THE PDC SHOW has 270 seconds left.
|
|t:|1633206482
|switch|p1a: Serperior|Serperior, M|100/100|[from]move: U-turn
|move|p2a: Seismitoad|Scald|p1a: Serperior
|-resisted|p1a: Serperior
|-damage|p1a: Serperior|86/100
|-status|p1a: Serperior|brn
|
|-heal|p2a: Seismitoad|59/100|[from] item: Leftovers
|-damage|p1a: Serperior|73/100 brn|[from] brn
|upkeep
|turn|3
|
|t:|1633206486
|switch|p2a: Garbodor|Garbodor, M|100/100
|move|p1a: Serperior|Giga Drain|p2a: Garbodor
|-resisted|p2a: Garbodor
|-damage|p2a: Garbodor|80/100
|-heal|p1a: Serperior|86/100 brn|[from] drain|[of] p2a: Garbodor
|-damage|p1a: Serperior|76/100 brn|[from] item: Life Orb
|
|-damage|p1a: Serperior|63/100 brn|[from] brn
|upkeep
|turn|4
|
|t:|1633206490
|switch|p1a: Piloswine|Piloswine, M|100/100
|move|p2a: Garbodor|Spikes|p1a: Piloswine
|-sidestart|p1: THE PDC SHOW|Spikes
|
|upkeep
|turn|5
|
|t:|1633206500
|switch|p2a: Seismitoad|Seismitoad, F|59/100
|move|p1a: Piloswine|Stealth Rock|p2a: Seismitoad
|-sidestart|p2: watashi|move: Stealth Rock
|
|-heal|p2a: Seismitoad|65/100|[from] item: Leftovers
|upkeep
|turn|6
|
|t:|1633206507
|move|p2a: Seismitoad|Stealth Rock|p1a: Piloswine
|-sidestart|p1: THE PDC SHOW|move: Stealth Rock
|move|p1a: Piloswine|Earthquake|p2a: Seismitoad
|-damage|p2a: Seismitoad|29/100
|
|-heal|p2a: Seismitoad|35/100|[from] item: Leftovers
|upkeep
|turn|7
|
|t:|1633206518
|switch|p1a: Serperior|Serperior, M|63/100 brn
|-damage|p1a: Serperior|51/100 brn|[from] Spikes
|-damage|p1a: Serperior|38/100 brn|[from] Stealth Rock
|move|p2a: Seismitoad|Protect||[still]
|-fail|p2a: Seismitoad
|
|-heal|p2a: Seismitoad|41/100|[from] item: Leftovers
|-damage|p1a: Serperior|26/100 brn|[from] brn
|upkeep
|turn|8
|
|t:|1633206520
|move|p2a: Seismitoad|Protect|p2a: Seismitoad
|-singleturn|p2a: Seismitoad|Protect
|move|p1a: Serperior|Giga Drain|p2a: Seismitoad
|-activate|p2a: Seismitoad|move: Protect
|
|-heal|p2a: Seismitoad|47/100|[from] item: Leftovers
|-damage|p1a: Serperior|13/100 brn|[from] brn
|upkeep
|turn|9
|
|t:|1633206525
|switch|p2a: Garbodor|Garbodor, M|80/100
|-damage|p2a: Garbodor|68/100|[from] Stealth Rock
|move|p1a: Serperior|Giga Drain|p2a: Garbodor
|-resisted|p2a: Garbodor
|-damage|p2a: Garbodor|39/100
|-heal|p1a: Serperior|31/100 brn|[from] drain|[of] p2a: Garbodor
|-damage|p1a: Serperior|21/100 brn|[from] item: Life Orb
|
|-damage|p1a: Serperior|9/100 brn|[from] brn
|upkeep
|turn|10
|
|t:|1633206530
|move|p1a: Serperior|Giga Drain|p2a: Garbodor
|-resisted|p2a: Garbodor
|-damage|p2a: Garbodor|11/100
|-heal|p1a: Serperior|26/100 brn|[from] drain|[of] p2a: Garbodor
|-damage|p1a: Serperior|16/100 brn|[from] item: Life Orb
|move|p2a: Garbodor|Spikes|p1a: Serperior
|-sidestart|p1: THE PDC SHOW|Spikes
|
|-damage|p1a: Serperior|4/100 brn|[from] brn
|upkeep
|turn|11
|
|t:|1633206533
|move|p1a: Serperior|Giga Drain|p2a: Garbodor
|-resisted|p2a: Garbodor
|-damage|p2a: Garbodor|0 fnt
|-heal|p1a: Serperior|10/100 brn|[from] drain|[of] p2a: Garbodor
|faint|p2a: Garbodor
|-damage|p1a: Serperior|0 fnt|[from] item: Life Orb
|faint|p1a: Serperior
|
|upkeep
|
|t:|1633206553
|switch|p1a: Piloswine|Piloswine, M|100/100
|switch|p2a: Misdreavus|Misdreavus, F|100/100
|-damage|p2a: Misdreavus|88/100|[from] Stealth Rock
|-damage|p1a: Piloswine|84/100|[from] Spikes
|-damage|p1a: Piloswine|72/100|[from] Stealth Rock
|turn|12
|
|t:|1633206556
|move|p2a: Misdreavus|Will-O-Wisp|p1a: Piloswine
|-status|p1a: Piloswine|brn
|move|p1a: Piloswine|Roar|p2a: Misdreavus
|drag|p2a: Serperior|Serperior, M|100/100
|-damage|p2a: Serperior|88/100|[from] Stealth Rock
|
|-damage|p1a: Piloswine|59/100 brn|[from] brn
|upkeep
|turn|13
|
|t:|1633206571
|switch|p1a: Garbodor|Garbodor, F|100/100
|-damage|p1a: Garbodor|84/100|[from] Spikes
|-damage|p1a: Garbodor|72/100|[from] Stealth Rock
|move|p2a: Serperior|Giga Drain|p1a: Garbodor
|-resisted|p1a: Garbodor
|-damage|p1a: Garbodor|51/100
|-heal|p2a: Serperior|100/100|[from] drain|[of] p1a: Garbodor
|-damage|p2a: Serperior|91/100|[from] item: Life Orb
|
|upkeep
|turn|14
|
|t:|1633206596
|move|p2a: Serperior|Substitute|p2a: Serperior
|-start|p2a: Serperior|Substitute
|-damage|p2a: Serperior|66/100
|move|p1a: Garbodor|Gunk Shot|p2a: Serperior
|-supereffective|p2a: Serperior
|-end|p2a: Serperior|Substitute
|
|upkeep
|turn|15
|
|t:|1633206598
|move|p2a: Serperior|Substitute|p2a: Serperior
|-start|p2a: Serperior|Substitute
|-damage|p2a: Serperior|41/100
|move|p1a: Garbodor|Gunk Shot|p2a: Serperior|[miss]
|-miss|p1a: Garbodor|p2a: Serperior
|
|upkeep
|turn|16
|
|t:|1633206611
|move|p2a: Serperior|Giga Drain|p1a: Garbodor
|-resisted|p1a: Garbodor
|-damage|p1a: Garbodor|30/100
|-heal|p2a: Serperior|54/100|[from] drain|[of] p1a: Garbodor
|-damage|p2a: Serperior|44/100|[from] item: Life Orb
|move|p1a: Garbodor|Gunk Shot|p2a: Serperior
|-supereffective|p2a: Serperior
|-end|p2a: Serperior|Substitute
|
|upkeep
|turn|17
|
|t:|1633206620
|move|p2a: Serperior|Substitute|p2a: Serperior
|-start|p2a: Serperior|Substitute
|-damage|p2a: Serperior|20/100
|move|p1a: Garbodor|Gunk Shot|p2a: Serperior
|-supereffective|p2a: Serperior
|-end|p2a: Serperior|Substitute
|
|upkeep
|turn|18
|inactive|THE PDC SHOW has 270 seconds left.
|
|t:|1633206650
|move|p2a: Serperior|Giga Drain|p1a: Garbodor
|-resisted|p1a: Garbodor
|-damage|p1a: Garbodor|0 fnt
|-heal|p2a: Serperior|38/100|[from] drain|[of] p1a: Garbodor
|faint|p1a: Garbodor
|-damage|p2a: Serperior|28/100|[from] item: Life Orb
|
|upkeep
|inactive|THE PDC SHOW has 270 seconds left.
|
|t:|1633206666
|switch|p1a: Rotom|Rotom-Fan|100/100
|-damage|p1a: Rotom|76/100|[from] Stealth Rock
|turn|19
|
|t:|1633206682
|switch|p2a: Rotom|Rotom-Frost|100/100
|-damage|p2a: Rotom|76/100|[from] Stealth Rock
|move|p1a: Rotom|Air Slash|p2a: Rotom
|-resisted|p2a: Rotom
|-damage|p2a: Rotom|52/100
|
|upkeep
|turn|20
|
|t:|1633206688
|switch|p1a: Piloswine|Piloswine, M|59/100 brn
|-damage|p1a: Piloswine|47/100 brn|[from] Stealth Rock
|-damage|p1a: Piloswine|30/100 brn|[from] Spikes
|move|p2a: Rotom|Blizzard|p1a: Piloswine|[miss]
|-miss|p2a: Rotom|p1a: Piloswine
|
|-damage|p1a: Piloswine|18/100 brn|[from] brn
|upkeep
|turn|21
|
|t:|1633206697
|move|p1a: Piloswine|Ice Shard|p2a: Rotom
|-resisted|p2a: Rotom
|-damage|p2a: Rotom|47/100
|move|p2a: Rotom|Blizzard|p1a: Piloswine
|-damage|p1a: Piloswine|0 fnt
|faint|p1a: Piloswine
|
|upkeep
|inactive|THE PDC SHOW has 270 seconds left.
|inactive|THE PDC SHOW has 240 seconds left.
|
|t:|1633206747
|switch|p1a: Skuntank|Skuntank, M|100/100
|-damage|p1a: Skuntank|84/100|[from] Spikes
|-damage|p1a: Skuntank|72/100|[from] Stealth Rock
|turn|22
|
|t:|1633206755
|switch|p2a: Seismitoad|Seismitoad, F|47/100
|-damage|p2a: Seismitoad|41/100|[from] Stealth Rock
|move|p1a: Skuntank|Sucker Punch||[still]
|-fail|p1a: Skuntank
|
|-heal|p2a: Seismitoad|47/100|[from] item: Leftovers
|upkeep
|turn|23
|
|t:|1633206757
|move|p2a: Seismitoad|Protect|p2a: Seismitoad
|-singleturn|p2a: Seismitoad|Protect
|move|p1a: Skuntank|Crunch|p2a: Seismitoad
|-activate|p2a: Seismitoad|move: Protect
|
|-heal|p2a: Seismitoad|53/100|[from] item: Leftovers
|upkeep
|turn|24
|
|t:|1633206760
|switch|p1a: Rotom|Rotom-Fan|76/100
|-damage|p1a: Rotom|51/100|[from] Stealth Rock
|move|p2a: Seismitoad|Scald|p1a: Rotom
|-damage|p1a: Rotom|20/100
|
|-heal|p2a: Seismitoad|59/100|[from] item: Leftovers
|upkeep
|turn|25
|
|t:|1633206762
|move|p2a: Seismitoad|Protect|p2a: Seismitoad
|-singleturn|p2a: Seismitoad|Protect
|move|p1a: Rotom|Rest|p1a: Rotom
|-status|p1a: Rotom|slp|[from] move: Rest
|-heal|p1a: Rotom|100/100 slp|[silent]
|-enditem|p1a: Rotom|Chesto Berry|[eat]
|-curestatus|p1a: Rotom|slp|[msg]
|
|-heal|p2a: Seismitoad|65/100|[from] item: Leftovers
|upkeep
|turn|26
|
|t:|1633206781
|switch|p2a: Duosion|Duosion, M|100/100
|move|p1a: Rotom|Hidden Power|p2a: Duosion
|-damage|p2a: Duosion|78/100
|
|upkeep
|turn|27
|
|t:|1633206785
|move|p1a: Rotom|Air Slash|p2a: Duosion
|-damage|p2a: Duosion|45/100
|move|p2a: Duosion|Recover|p2a: Duosion
|-heal|p2a: Duosion|95/100
|
|upkeep
|turn|28
|
|t:|1633206788
|move|p1a: Rotom|Volt Switch|p2a: Duosion
|-damage|p2a: Duosion|61/100
|
|t:|1633206790
|switch|p1a: Skuntank|Skuntank, M|72/100|[from]move: Volt Switch
|-damage|p1a: Skuntank|59/100|[from] Stealth Rock
|-damage|p1a: Skuntank|43/100|[from] Spikes
|move|p2a: Duosion|Calm Mind|p2a: Duosion
|-boost|p2a: Duosion|spa|1
|-boost|p2a: Duosion|spd|1
|
|upkeep
|turn|29
|
|t:|1633206810
|move|p1a: Skuntank|Crunch|p2a: Duosion
|-supereffective|p2a: Duosion
|-damage|p2a: Duosion|0 fnt
|faint|p2a: Duosion
|
|upkeep
|
|t:|1633206820
|switch|p2a: Seismitoad|Seismitoad, F|65/100
|-damage|p2a: Seismitoad|59/100|[from] Stealth Rock
|turn|30
|inactive|THE PDC SHOW has 270 seconds left.
|
|t:|1633206855
|switch|p1a: Rotom|Rotom-Fan|100/100
|-damage|p1a: Rotom|76/100|[from] Stealth Rock
|move|p2a: Seismitoad|Scald|p1a: Rotom
|-damage|p1a: Rotom|45/100
|-status|p1a: Rotom|brn
|
|-heal|p2a: Seismitoad|65/100|[from] item: Leftovers
|-damage|p1a: Rotom|33/100 brn|[from] brn
|upkeep
|turn|31
|inactive|THE PDC SHOW has 270 seconds left.
|
|t:|1633206870
|move|p2a: Seismitoad|Protect|p2a: Seismitoad
|-singleturn|p2a: Seismitoad|Protect
|move|p1a: Rotom|Hidden Power|p2a: Seismitoad
|-activate|p2a: Seismitoad|move: Protect
|
|-heal|p2a: Seismitoad|72/100|[from] item: Leftovers
|-damage|p1a: Rotom|20/100 brn|[from] brn
|upkeep
|turn|32
|inactive|THE PDC SHOW has 270 seconds left.
|
|t:|1633206882
|switch|p2a: Misdreavus|Misdreavus, F|88/100
|-damage|p2a: Misdreavus|76/100|[from] Stealth Rock
|move|p1a: Rotom|Air Slash|p2a: Misdreavus
|-damage|p2a: Misdreavus|42/100
|
|-damage|p1a: Rotom|8/100 brn|[from] brn
|upkeep
|turn|33
|inactive|THE PDC SHOW has 270 seconds left.
|
|t:|1633206897
|move|p1a: Rotom|Air Slash|p2a: Misdreavus|[miss]
|-miss|p1a: Rotom|p2a: Misdreavus
|move|p2a: Misdreavus|Shadow Ball|p1a: Rotom
|-damage|p1a: Rotom|0 fnt
|faint|p1a: Rotom
|
|upkeep
|
|t:|1633206921
|switch|p1a: Primeape|Primeape, M|100/100
|-damage|p1a: Primeape|95/100|[from] Stealth Rock
|-damage|p1a: Primeape|78/100|[from] Spikes
|turn|34
|
|t:|1633206923
|move|p1a: Primeape|Punishment|p2a: Misdreavus
|-supereffective|p2a: Misdreavus
|-damage|p2a: Misdreavus|0 fnt
|faint|p2a: Misdreavus
|
|upkeep
|
|t:|1633206932
|switch|p2a: Serperior|Serperior, M|28/100
|-damage|p2a: Serperior|16/100|[from] Stealth Rock
|turn|35
|inactive|THE PDC SHOW has 270 seconds left.
|
|t:|1633206942
|move|p2a: Serperior|Giga Drain|p1a: Primeape
|-damage|p1a: Primeape|0 fnt
|-heal|p2a: Serperior|52/100|[from] drain|[of] p1a: Primeape
|faint|p1a: Primeape
|-damage|p2a: Serperior|42/100|[from] item: Life Orb
|
|upkeep
|
|t:|1633206944
|switch|p1a: Skuntank|Skuntank, M|43/100
|-damage|p1a: Skuntank|26/100|[from] Spikes
|-damage|p1a: Skuntank|14/100|[from] Stealth Rock
|turn|36
|
|t:|1633206947
|move|p2a: Serperior|Giga Drain|p1a: Skuntank
|-resisted|p1a: Skuntank
|-crit|p1a: Skuntank
|-damage|p1a: Skuntank|0 fnt
|-heal|p2a: Serperior|50/100|[from] drain|[of] p1a: Skuntank
|faint|p1a: Skuntank
|-damage|p2a: Serperior|40/100|[from] item: Life Orb
|
|win|watashi
|c|☆THE PDC SHOW|gg
|c|☆watashi|gg
|c|+avarice|goat
