|inactive|Battle timer is ON: inactive players will automatically lose when time's up.
|t:|1642189022
|gametype|singles
|player|p1|Laroxyl|#scl1spartans|
|player|p2|gali|cowgirl|
|teamsize|p1|6
|teamsize|p2|6
|gen|5
|tier|[Gen 5] LC
|rule|Species Clause: Limit one of each Pokémon
|rule|OHKO Clause: OHKO moves are banned
|rule|Moody Clause: Moody is banned
|rule|Evasion Moves Clause: Evasion moves are banned
|rule|Endless Battle Clause: Forcing endless battles is banned
|rule|HP Percentage Mod: HP is shown in percentages
|rule|Sleep Clause: Sleep-inducing moves are banned
|clearpoke
|poke|p1|Porygon, L5|item
|poke|p1|Mienfoo, L5, M|item
|poke|p1|Pawniard, L5, M|item
|poke|p1|Frillish, L5, M|item
|poke|p1|Diglett, L5, F|item
|poke|p1|Natu, L5, M|item
|poke|p2|Mienfoo, L5, F|item
|poke|p2|Abra, L5, F|item
|poke|p2|Hippopotas, L5, M|item
|poke|p2|Gastly, L5, M|item
|poke|p2|Staryu, L5|item
|poke|p2|Lileep, L5, M|item
|teampreview
|inactive|gali has 270 seconds left.
|
|t:|1642189054
|start
|switch|p1a: Frillish|Frillish, L5, M|100/100
|switch|p2a: Mienfoo|Mienfoo, L5, F|100/100
|turn|1
|
|t:|1642189064
|move|p2a: Mienfoo|U-turn|p1a: Frillish
|-resisted|p1a: Frillish
|-damage|p1a: Frillish|92/100
|
|t:|1642189069
|switch|p2a: Staryu|Staryu, L5|100/100|[from]move: U-turn
|move|p1a: Frillish|Will-O-Wisp|p2a: Staryu
|-status|p2a: Staryu|brn
|
|-damage|p2a: Staryu|91/100 brn|[from] brn
|upkeep
|turn|2
|
|t:|1642189080
|switch|p1a: Porygon|Porygon, L5|100/100
|-ability|p1a: Porygon|Natural Cure|[from] ability: Trace|[of] p2a: Staryu
|move|p2a: Staryu|Toxic|p1a: Porygon
|-status|p1a: Porygon|tox
|
|-damage|p1a: Porygon|97/100 tox|[from] psn
|-damage|p2a: Staryu|81/100 brn|[from] brn
|upkeep
|turn|3
|inactive|Laroxyl has 270 seconds left.
|
|t:|1642189120
|-curestatus|p2a: Staryu|brn|[from] ability: Natural Cure
|switch|p2a: Hippopotas|Hippopotas, L5, M|100/100
|-weather|Sandstorm|[from] ability: Sand Stream|[of] p2a: Hippopotas
|-curestatus|p1a: Porygon|tox|[from] ability: Natural Cure
|switch|p1a: Mienfoo|Mienfoo, L5, M|100/100
|
|-weather|Sandstorm|[upkeep]
|-damage|p1a: Mienfoo|96/100|[from] Sandstorm
|upkeep
|turn|4
|inactive|Laroxyl has 270 seconds left.
|
|t:|1642189137
|move|p1a: Mienfoo|U-turn|p2a: Hippopotas
|-damage|p2a: Hippopotas|84/100
|
|t:|1642189140
|switch|p1a: Natu|Natu, L5, M|100/100|[from]move: U-turn
|move|p2a: Hippopotas|Crunch|p1a: Natu
|-supereffective|p1a: Natu
|-damage|p1a: Natu|57/100
|-unboost|p1a: Natu|def|1
|
|-weather|Sandstorm|[upkeep]
|-damage|p1a: Natu|53/100|[from] Sandstorm
|upkeep
|turn|5
|inactive|Laroxyl has 270 seconds left.
|
|t:|1642189158
|move|p1a: Natu|Toxic|p2a: Hippopotas
|-status|p2a: Hippopotas|tox
|move|p2a: Hippopotas|Crunch|p1a: Natu
|-supereffective|p1a: Natu
|-damage|p1a: Natu|0 fnt
|faint|p1a: Natu
|
|-weather|Sandstorm|[upkeep]
|-damage|p2a: Hippopotas|80/100 tox|[from] psn
|upkeep
|inactive|Laroxyl has 270 seconds left.
|
|t:|1642189174
|switch|p1a: Frillish|Frillish, L5, M|92/100
|turn|6
|inactive|gali disconnected and has 300 seconds to reconnect!
|player|p2|
|inactive|gali reconnected and has 295 seconds left.
|player|p2|gali|cowgirl
|
|t:|1642189206
|move|p1a: Frillish|Taunt|p2a: Hippopotas
|-start|p2a: Hippopotas|move: Taunt
|cant|p2a: Hippopotas|move: Taunt|Stealth Rock
|
|-weather|Sandstorm|[upkeep]
|-damage|p1a: Frillish|88/100|[from] Sandstorm
|-damage|p2a: Hippopotas|72/100 tox|[from] psn
|upkeep
|turn|7
|inactive|Laroxyl has 270 seconds left.
|
|t:|1642189224
|switch|p1a: Mienfoo|Mienfoo, L5, M|100/100
|switch|p2a: Lileep|Lileep, L5, M|100/100
|
|-weather|Sandstorm|[upkeep]
|-damage|p1a: Mienfoo|96/100|[from] Sandstorm
|upkeep
|turn|8
|inactive|Laroxyl has 270 seconds left.
|
|t:|1642189237
|switch|p2a: Hippopotas|Hippopotas, L5, M|72/100 tox
|move|p1a: Mienfoo|Knock Off|p2a: Hippopotas
|-damage|p2a: Hippopotas|68/100 tox
|-enditem|p2a: Hippopotas|Eviolite|[from] move: Knock Off|[of] p1a: Mienfoo
|
|-weather|Sandstorm|[upkeep]
|-damage|p1a: Mienfoo|91/100|[from] Sandstorm
|-damage|p2a: Hippopotas|64/100 tox|[from] psn
|upkeep
|turn|9
|
|t:|1642189247
|move|p1a: Mienfoo|High Jump Kick|p2a: Hippopotas
|-damage|p2a: Hippopotas|12/100 tox
|move|p2a: Hippopotas|Stealth Rock|p1a: Mienfoo
|-sidestart|p1: Laroxyl|move: Stealth Rock
|
|-weather|Sandstorm|[upkeep]
|-damage|p1a: Mienfoo|86/100|[from] Sandstorm
|-damage|p2a: Hippopotas|4/100 tox|[from] psn
|upkeep
|turn|10
|inactive|Laroxyl has 270 seconds left.
|
|t:|1642189263
|move|p1a: Mienfoo|Knock Off|p2a: Hippopotas
|-damage|p2a: Hippopotas|0 fnt
|faint|p2a: Hippopotas
|
|-weather|Sandstorm|[upkeep]
|-damage|p1a: Mienfoo|81/100|[from] Sandstorm
|upkeep
|
|t:|1642189282
|switch|p2a: Gastly|Gastly, L5, M|100/100
|turn|11
|inactive|Laroxyl has 270 seconds left.
|
|t:|1642189299
|move|p2a: Gastly|Will-O-Wisp|p1a: Mienfoo|[miss]
|-miss|p2a: Gastly|p1a: Mienfoo
|move|p1a: Mienfoo|Knock Off|p2a: Gastly
|-supereffective|p2a: Gastly
|-damage|p2a: Gastly|81/100
|-enditem|p2a: Gastly|Eviolite|[from] move: Knock Off|[of] p1a: Mienfoo
|
|-weather|Sandstorm|[upkeep]
|-damage|p2a: Gastly|77/100|[from] Sandstorm
|-damage|p1a: Mienfoo|77/100|[from] Sandstorm
|upkeep
|turn|12
|inactive|Laroxyl has 270 seconds left.
|
|t:|1642189312
|move|p2a: Gastly|Will-O-Wisp|p1a: Mienfoo
|-status|p1a: Mienfoo|brn
|move|p1a: Mienfoo|U-turn|p2a: Gastly
|-resisted|p2a: Gastly
|-damage|p2a: Gastly|72/100
|
|t:|1642189317
|switch|p1a: Diglett|Diglett, L5, F|100/100|[from]move: U-turn
|-damage|p1a: Diglett|95/100|[from] Stealth Rock
|
|-weather|Sandstorm|[upkeep]
|-damage|p2a: Gastly|67/100|[from] Sandstorm
|upkeep
|turn|13
|
|t:|1642189330
|move|p1a: Diglett|Pursuit|p2a: Gastly
|-supereffective|p2a: Gastly
|-damage|p2a: Gastly|5/100
|-damage|p1a: Diglett|89/100|[from] item: Life Orb
|move|p2a: Gastly|Shadow Ball|p1a: Diglett
|-damage|p1a: Diglett|6/100
|-unboost|p1a: Diglett|spd|1
|
|-weather|Sandstorm|[upkeep]
|-damage|p2a: Gastly|0 fnt|[from] Sandstorm
|faint|p2a: Gastly
|upkeep
|
|t:|1642189351
|switch|p2a: Staryu|Staryu, L5|81/100
|turn|14
|
|t:|1642189367
|switch|p1a: Mienfoo|Mienfoo, L5, M|100/100 brn
|-damage|p1a: Mienfoo|96/100 brn|[from] Stealth Rock
|move|p2a: Staryu|Recover|p2a: Staryu
|-heal|p2a: Staryu|100/100
|
|-weather|Sandstorm|[upkeep]
|-damage|p2a: Staryu|96/100|[from] Sandstorm
|-damage|p1a: Mienfoo|91/100 brn|[from] Sandstorm
|-damage|p1a: Mienfoo|81/100 brn|[from] brn
|upkeep
|turn|15
|inactive|gali has 270 seconds left.
|
|t:|1642189388
|move|p2a: Staryu|Cosmic Power|p2a: Staryu
|-boost|p2a: Staryu|def|1
|-boost|p2a: Staryu|spd|1
|move|p1a: Mienfoo|Knock Off|p2a: Staryu
|-damage|p2a: Staryu|91/100
|-enditem|p2a: Staryu|Eviolite|[from] move: Knock Off|[of] p1a: Mienfoo
|
|-weather|Sandstorm|[upkeep]
|-damage|p2a: Staryu|86/100|[from] Sandstorm
|-damage|p1a: Mienfoo|77/100 brn|[from] Sandstorm
|-damage|p1a: Mienfoo|67/100 brn|[from] brn
|upkeep
|turn|16
|inactive|gali has 270 seconds left.
|
|t:|1642189394
|move|p2a: Staryu|Cosmic Power|p2a: Staryu
|-boost|p2a: Staryu|def|1
|-boost|p2a: Staryu|spd|1
|move|p1a: Mienfoo|U-turn|p2a: Staryu
|-damage|p2a: Staryu|77/100
|
|t:|1642189400
|switch|p1a: Porygon|Porygon, L5|97/100|[from]move: U-turn
|-damage|p1a: Porygon|85/100|[from] Stealth Rock
|-ability|p1a: Porygon|Natural Cure|[from] ability: Trace|[of] p2a: Staryu
|
|-weather|Sandstorm|[upkeep]
|-damage|p2a: Staryu|72/100|[from] Sandstorm
|-damage|p1a: Porygon|81/100|[from] Sandstorm
|upkeep
|turn|17
|
|t:|1642189406
|move|p2a: Staryu|Toxic|p1a: Porygon
|-status|p1a: Porygon|tox
|move|p1a: Porygon|Thunder Wave|p2a: Staryu
|-status|p2a: Staryu|par
|
|-weather|Sandstorm|[upkeep]
|-damage|p1a: Porygon|77/100 tox|[from] Sandstorm
|-damage|p2a: Staryu|67/100 par|[from] Sandstorm
|-damage|p1a: Porygon|74/100 tox|[from] psn
|upkeep
|turn|18
|
|t:|1642189412
|move|p1a: Porygon|Thunderbolt|p2a: Staryu
|-supereffective|p2a: Staryu
|-damage|p2a: Staryu|20/100 par
|move|p2a: Staryu|Recover|p2a: Staryu
|-heal|p2a: Staryu|72/100 par
|
|-weather|Sandstorm|[upkeep]
|-damage|p1a: Porygon|70/100 tox|[from] Sandstorm
|-damage|p2a: Staryu|67/100 par|[from] Sandstorm
|-damage|p1a: Porygon|62/100 tox|[from] psn
|upkeep
|turn|19
|
|t:|1642189428
|-curestatus|p1a: Porygon|tox|[from] ability: Natural Cure
|switch|p1a: Frillish|Frillish, L5, M|88/100
|-damage|p1a: Frillish|75/100|[from] Stealth Rock
|move|p2a: Staryu|Recover|p2a: Staryu
|-heal|p2a: Staryu|100/100 par
|
|-weather|Sandstorm|[upkeep]
|-damage|p1a: Frillish|71/100|[from] Sandstorm
|-damage|p2a: Staryu|96/100 par|[from] Sandstorm
|upkeep
|turn|20
|inactive|Laroxyl has 270 seconds left.
|
|t:|1642189462
|-curestatus|p2a: Staryu|par|[from] ability: Natural Cure
|switch|p2a: Lileep|Lileep, L5, M|100/100
|move|p1a: Frillish|Taunt|p2a: Lileep
|-start|p2a: Lileep|move: Taunt
|
|-weather|Sandstorm|[upkeep]
|-damage|p1a: Frillish|67/100|[from] Sandstorm
|upkeep
|turn|21
|
|t:|1642189478
|switch|p1a: Pawniard|Pawniard, L5, M|100/100
|-damage|p1a: Pawniard|96/100|[from] Stealth Rock
|move|p2a: Lileep|Giga Drain|p1a: Pawniard
|-resisted|p1a: Pawniard
|-damage|p1a: Pawniard|81/100
|
|-weather|Sandstorm|[upkeep]
|upkeep
|turn|22
|inactive|Laroxyl has 270 seconds left.
|
|t:|1642189497
|switch|p2a: Mienfoo|Mienfoo, L5, F|100/100
|move|p1a: Pawniard|Knock Off|p2a: Mienfoo
|-resisted|p2a: Mienfoo
|-damage|p2a: Mienfoo|96/100
|-enditem|p2a: Mienfoo|Eviolite|[from] move: Knock Off|[of] p1a: Pawniard
|
|-weather|Sandstorm|[upkeep]
|-damage|p2a: Mienfoo|92/100|[from] Sandstorm
|upkeep
|turn|23
|inactive|Laroxyl has 270 seconds left.
|
|t:|1642189511
|move|p1a: Pawniard|Iron Head|p2a: Mienfoo
|-damage|p2a: Mienfoo|40/100
|move|p2a: Mienfoo|Knock Off|p1a: Pawniard
|-resisted|p1a: Pawniard
|-damage|p1a: Pawniard|77/100
|-enditem|p1a: Pawniard|Eviolite|[from] move: Knock Off|[of] p2a: Mienfoo
|
|-weather|Sandstorm|[upkeep]
|-damage|p2a: Mienfoo|35/100|[from] Sandstorm
|upkeep
|turn|24
|inactive|Laroxyl has 270 seconds left.
|
|t:|1642189521
|switch|p2a: Staryu|Staryu, L5|96/100
|move|p1a: Pawniard|Stealth Rock|p2a: Staryu
|-sidestart|p2: gali|move: Stealth Rock
|
|-weather|Sandstorm|[upkeep]
|-damage|p2a: Staryu|91/100|[from] Sandstorm
|upkeep
|turn|25
|inactive|Laroxyl has 270 seconds left.
|
|t:|1642189545
|switch|p1a: Mienfoo|Mienfoo, L5, M|100/100 brn
|-damage|p1a: Mienfoo|96/100 brn|[from] Stealth Rock
|move|p2a: Staryu|Scald|p1a: Mienfoo
|-damage|p1a: Mienfoo|62/100 brn
|
|-weather|Sandstorm|[upkeep]
|-damage|p2a: Staryu|86/100|[from] Sandstorm
|-damage|p1a: Mienfoo|58/100 brn|[from] Sandstorm
|-damage|p1a: Mienfoo|48/100 brn|[from] brn
|upkeep
|turn|26
|
|t:|1642189555
|move|p2a: Staryu|Cosmic Power|p2a: Staryu
|-boost|p2a: Staryu|def|1
|-boost|p2a: Staryu|spd|1
|move|p1a: Mienfoo|U-turn|p2a: Staryu
|-damage|p2a: Staryu|77/100
|
|t:|1642189559
|switch|p1a: Porygon|Porygon, L5|62/100|[from]move: U-turn
|-damage|p1a: Porygon|50/100|[from] Stealth Rock
|-ability|p1a: Porygon|Natural Cure|[from] ability: Trace|[of] p2a: Staryu
|
|-weather|Sandstorm|[upkeep]
|-damage|p2a: Staryu|72/100|[from] Sandstorm
|-damage|p1a: Porygon|47/100|[from] Sandstorm
|upkeep
|turn|27
|
|t:|1642189570
|move|p2a: Staryu|Toxic|p1a: Porygon
|-status|p1a: Porygon|tox
|move|p1a: Porygon|Recover|p1a: Porygon
|-heal|p1a: Porygon|97/100 tox
|
|-weather|Sandstorm|[upkeep]
|-damage|p2a: Staryu|67/100|[from] Sandstorm
|-damage|p1a: Porygon|93/100 tox|[from] Sandstorm
|-damage|p1a: Porygon|89/100 tox|[from] psn
|upkeep
|turn|28
|
|t:|1642189577
|move|p2a: Staryu|Recover|p2a: Staryu
|-heal|p2a: Staryu|100/100
|move|p1a: Porygon|Thunder Wave|p2a: Staryu
|-status|p2a: Staryu|par
|
|-weather|Sandstorm|[upkeep]
|-damage|p1a: Porygon|85/100 tox|[from] Sandstorm
|-damage|p2a: Staryu|96/100 par|[from] Sandstorm
|-damage|p1a: Porygon|77/100 tox|[from] psn
|upkeep
|turn|29
|
|t:|1642189600
|-curestatus|p1a: Porygon|tox|[from] ability: Natural Cure
|switch|p1a: Mienfoo|Mienfoo, L5, M|81/100 brn
|-damage|p1a: Mienfoo|77/100 brn|[from] Stealth Rock
|-curestatus|p2a: Staryu|par|[from] ability: Natural Cure
|switch|p2a: Lileep|Lileep, L5, M|100/100
|-damage|p2a: Lileep|89/100|[from] Stealth Rock
|
|-weather|Sandstorm|[upkeep]
|-damage|p1a: Mienfoo|72/100 brn|[from] Sandstorm
|-damage|p1a: Mienfoo|62/100 brn|[from] brn
|upkeep
|turn|30
|inactive|Laroxyl has 270 seconds left.
|
|t:|1642189617
|move|p1a: Mienfoo|U-turn|p2a: Lileep
|-supereffective|p2a: Lileep
|-damage|p2a: Lileep|70/100
|
|t:|1642189620
|switch|p1a: Pawniard|Pawniard, L5, M|77/100|[from]move: U-turn
|-damage|p1a: Pawniard|72/100|[from] Stealth Rock
|move|p2a: Lileep|Giga Drain|p1a: Pawniard
|-resisted|p1a: Pawniard
|-damage|p1a: Pawniard|43/100
|-heal|p2a: Lileep|81/100|[from] drain|[of] p1a: Pawniard
|
|-weather|Sandstorm|[upkeep]
|upkeep
|turn|31
|
|t:|1642189637
|switch|p2a: Staryu|Staryu, L5|96/100
|-damage|p2a: Staryu|86/100|[from] Stealth Rock
|move|p1a: Pawniard|Knock Off|p2a: Staryu
|-damage|p2a: Staryu|72/100
|
|-weather|Sandstorm|[upkeep]
|-damage|p2a: Staryu|67/100|[from] Sandstorm
|upkeep
|turn|32
|
|t:|1642189650
|switch|p2a: Mienfoo|Mienfoo, L5, F|66/100
|-damage|p2a: Mienfoo|61/100|[from] Stealth Rock
|switch|p1a: Porygon|Porygon, L5|77/100
|-damage|p1a: Porygon|66/100|[from] Stealth Rock
|-ability|p1a: Porygon|Regenerator|[from] ability: Trace|[of] p2a: Mienfoo
|
|-weather|Sandstorm|[upkeep]
|-damage|p2a: Mienfoo|57/100|[from] Sandstorm
|-damage|p1a: Porygon|62/100|[from] Sandstorm
|upkeep
|turn|33
|inactive|Laroxyl has 270 seconds left.
|
|t:|1642189670
|switch|p1a: Mienfoo|Mienfoo, L5, M|96/100 brn
|-damage|p1a: Mienfoo|91/100 brn|[from] Stealth Rock
|move|p2a: Mienfoo|Knock Off|p1a: Mienfoo
|-resisted|p1a: Mienfoo
|-damage|p1a: Mienfoo|86/100 brn
|-enditem|p1a: Mienfoo|Eviolite|[from] move: Knock Off|[of] p2a: Mienfoo
|
|-weather|Sandstorm|[upkeep]
|-damage|p1a: Mienfoo|81/100 brn|[from] Sandstorm
|-damage|p2a: Mienfoo|53/100|[from] Sandstorm
|-damage|p1a: Mienfoo|72/100 brn|[from] brn
|upkeep
|turn|34
|inactive|Laroxyl has 270 seconds left.
|
|t:|1642189687
|move|p1a: Mienfoo|High Jump Kick|p2a: Mienfoo|[miss]
|-miss|p1a: Mienfoo|p2a: Mienfoo
|-damage|p1a: Mienfoo|24/100 brn|[from] highjumpkick
|move|p2a: Mienfoo|U-turn|p1a: Mienfoo
|-resisted|p1a: Mienfoo
|-damage|p1a: Mienfoo|5/100 brn
|c|☆gali|sorry
|
|t:|1642189700
|switch|p2a: Abra|Abra, L5, F|100/100|[from]move: U-turn
|
|-weather|Sandstorm|[upkeep]
|-damage|p1a: Mienfoo|0 fnt|[from] Sandstorm
|faint|p1a: Mienfoo
|upkeep
|
|t:|1642189710
|switch|p1a: Porygon|Porygon, L5|93/100
|-damage|p1a: Porygon|81/100|[from] Stealth Rock
|-ability|p1a: Porygon|Magic Guard|[from] ability: Trace|[of] p2a: Abra
|turn|35
|inactive|Laroxyl has 270 seconds left.
|
|t:|1642189718
|switch|p2a: Lileep|Lileep, L5, M|81/100
|-damage|p2a: Lileep|70/100|[from] Stealth Rock
|move|p1a: Porygon|Thunder Wave|p2a: Lileep
|-status|p2a: Lileep|par
|
|-weather|Sandstorm|[upkeep]
|upkeep
|turn|36
|inactive|Laroxyl has 270 seconds left.
|
|t:|1642189734
|switch|p1a: Pawniard|Pawniard, L5, M|43/100
|-damage|p1a: Pawniard|39/100|[from] Stealth Rock
|move|p2a: Lileep|Giga Drain|p1a: Pawniard
|-resisted|p1a: Pawniard
|-damage|p1a: Pawniard|15/100
|-heal|p2a: Lileep|81/100 par|[from] drain|[of] p1a: Pawniard
|
|-weather|Sandstorm|[upkeep]
|upkeep
|turn|37
|inactive|Laroxyl has 270 seconds left.
|
|t:|1642189751
|switch|p2a: Mienfoo|Mienfoo, L5, F|83/100
|-damage|p2a: Mienfoo|79/100|[from] Stealth Rock
|move|p1a: Pawniard|Iron Head|p2a: Mienfoo
|-damage|p2a: Mienfoo|27/100
|
|-weather|Sandstorm|[upkeep]
|-damage|p2a: Mienfoo|22/100|[from] Sandstorm
|upkeep
|turn|38
|
|t:|1642189758
|move|p2a: Mienfoo|Fake Out|p1a: Pawniard
|-resisted|p1a: Pawniard
|-damage|p1a: Pawniard|5/100
|cant|p1a: Pawniard|flinch
|
|-weather|Sandstorm|[upkeep]
|-damage|p2a: Mienfoo|18/100|[from] Sandstorm
|upkeep
|turn|39
|inactive|Laroxyl has 270 seconds left.
|
|t:|1642189768
|switch|p2a: Staryu|Staryu, L5|67/100
|-damage|p2a: Staryu|58/100|[from] Stealth Rock
|move|p1a: Pawniard|Iron Head|p2a: Staryu
|-resisted|p2a: Staryu
|-damage|p2a: Staryu|34/100
|
|-weather|Sandstorm|[upkeep]
|-damage|p2a: Staryu|29/100|[from] Sandstorm
|upkeep
|turn|40
|inactive|Laroxyl has 270 seconds left.
|
|t:|1642189786
|switch|p1a: Porygon|Porygon, L5|81/100
|-damage|p1a: Porygon|70/100|[from] Stealth Rock
|-ability|p1a: Porygon|Natural Cure|[from] ability: Trace|[of] p2a: Staryu
|move|p2a: Staryu|Recover|p2a: Staryu
|-heal|p2a: Staryu|81/100
|
|-weather|Sandstorm|[upkeep]
|-damage|p2a: Staryu|77/100|[from] Sandstorm
|-damage|p1a: Porygon|66/100|[from] Sandstorm
|upkeep
|turn|41
|inactive|Laroxyl has 270 seconds left.
|
|t:|1642189802
|switch|p2a: Lileep|Lileep, L5, M|81/100 par
|-damage|p2a: Lileep|70/100 par|[from] Stealth Rock
|move|p1a: Porygon|Recover|p1a: Porygon
|-heal|p1a: Porygon|100/100
|
|-weather|Sandstorm|[upkeep]
|-damage|p1a: Porygon|97/100|[from] Sandstorm
|upkeep
|turn|42
|inactive|Laroxyl has 270 seconds left.
|
|t:|1642189815
|move|p1a: Porygon|Psychic|p2a: Lileep
|-damage|p2a: Lileep|54/100 par
|cant|p2a: Lileep|par
|
|-weather|Sandstorm|[upkeep]
|-damage|p1a: Porygon|93/100|[from] Sandstorm
|upkeep
|turn|43
|inactive|Laroxyl has 270 seconds left.
|
|t:|1642189822
|move|p1a: Porygon|Psychic|p2a: Lileep
|-damage|p2a: Lileep|43/100 par
|cant|p2a: Lileep|par
|
|-weather|Sandstorm|[upkeep]
|-damage|p1a: Porygon|89/100|[from] Sandstorm
|upkeep
|turn|44
|
|t:|1642189827
|move|p1a: Porygon|Psychic|p2a: Lileep
|-damage|p2a: Lileep|31/100 par
|-unboost|p2a: Lileep|spd|1
|cant|p2a: Lileep|par
|
|-weather|Sandstorm|[upkeep]
|-damage|p1a: Porygon|85/100|[from] Sandstorm
|upkeep
|turn|45
|
|t:|1642189836
|move|p1a: Porygon|Psychic|p2a: Lileep
|-damage|p2a: Lileep|12/100 par
|move|p2a: Lileep|Recover|p2a: Lileep
|-heal|p2a: Lileep|62/100 par
|
|-weather|Sandstorm|[upkeep]
|-damage|p1a: Porygon|81/100|[from] Sandstorm
|upkeep
|turn|46
|
|t:|1642189847
|switch|p2a: Staryu|Staryu, L5|77/100
|-damage|p2a: Staryu|67/100|[from] Stealth Rock
|move|p1a: Porygon|Psychic|p2a: Staryu
|-damage|p2a: Staryu|24/100
|
|-weather|Sandstorm|[upkeep]
|-damage|p2a: Staryu|20/100|[from] Sandstorm
|-damage|p1a: Porygon|77/100|[from] Sandstorm
|upkeep
|turn|47
|
|t:|1642189857
|move|p2a: Staryu|Scald|p1a: Porygon
|-damage|p1a: Porygon|54/100
|move|p1a: Porygon|Thunderbolt|p2a: Staryu
|-supereffective|p2a: Staryu
|-damage|p2a: Staryu|0 fnt
|faint|p2a: Staryu
|
|-weather|Sandstorm|[upkeep]
|-damage|p1a: Porygon|50/100|[from] Sandstorm
|upkeep
|
|t:|1642189866
|switch|p2a: Mienfoo|Mienfoo, L5, F|48/100
|-damage|p2a: Mienfoo|44/100|[from] Stealth Rock
|turn|48
|inactive|Laroxyl has 270 seconds left.
|inactive|gali has 270 seconds left.
|
|t:|1642189915
|move|p2a: Mienfoo|High Jump Kick|p1a: Porygon
|-supereffective|p1a: Porygon
|-damage|p1a: Porygon|0 fnt
|faint|p1a: Porygon
|
|-weather|Sandstorm|[upkeep]
|-damage|p2a: Mienfoo|40/100|[from] Sandstorm
|upkeep
|c|☆Laroxyl|I don’t understand
|c|☆Laroxyl|but ok
|inactive|Laroxyl has 240 seconds left.
|
|t:|1642189943
|switch|p1a: Frillish|Frillish, L5, M|67/100
|-damage|p1a: Frillish|55/100|[from] Stealth Rock
|turn|49
|
|t:|1642189948
|move|p2a: Mienfoo|Knock Off|p1a: Frillish
|-supereffective|p1a: Frillish
|-damage|p1a: Frillish|38/100
|-enditem|p1a: Frillish|Eviolite|[from] move: Knock Off|[of] p2a: Mienfoo
|move|p1a: Frillish|Recover|p1a: Frillish
|-heal|p1a: Frillish|88/100
|
|-weather|Sandstorm|[upkeep]
|-damage|p2a: Mienfoo|35/100|[from] Sandstorm
|-damage|p1a: Frillish|84/100|[from] Sandstorm
|upkeep
|turn|50
|
|t:|1642189957
|move|p2a: Mienfoo|Knock Off|p1a: Frillish
|-supereffective|p1a: Frillish
|-damage|p1a: Frillish|59/100
|move|p1a: Frillish|Recover|p1a: Frillish
|-heal|p1a: Frillish|100/100
|
|-weather|Sandstorm|[upkeep]
|-damage|p2a: Mienfoo|31/100|[from] Sandstorm
|-damage|p1a: Frillish|96/100|[from] Sandstorm
|upkeep
|turn|51
|
|t:|1642189963
|move|p2a: Mienfoo|Knock Off|p1a: Frillish
|-supereffective|p1a: Frillish
|-damage|p1a: Frillish|80/100
|-start|p2a: Mienfoo|Disable|Knock Off|[from] ability: Cursed Body|[of] p1a: Frillish
|move|p1a: Frillish|Will-O-Wisp|p2a: Mienfoo|[miss]
|-miss|p1a: Frillish|p2a: Mienfoo
|
|-weather|Sandstorm|[upkeep]
|-damage|p2a: Mienfoo|27/100|[from] Sandstorm
|-damage|p1a: Frillish|75/100|[from] Sandstorm
|upkeep
|turn|52
|inactive|Laroxyl has 270 seconds left.
|
|t:|1642189972
|move|p2a: Mienfoo|High Jump Kick|p1a: Frillish
|-immune|p1a: Frillish
|-damage|p2a: Mienfoo|0 fnt|[from] highjumpkick
|faint|p2a: Mienfoo
|move|p1a: Frillish|Recover|p1a: Frillish
|-heal|p1a: Frillish|100/100
|
|-weather|Sandstorm|[upkeep]
|-damage|p1a: Frillish|96/100|[from] Sandstorm
|upkeep
|
|t:|1642189978
|switch|p2a: Lileep|Lileep, L5, M|62/100 par
|-damage|p2a: Lileep|50/100 par|[from] Stealth Rock
|turn|53
|inactive|Laroxyl has 270 seconds left.
|
|t:|1642189993
|move|p1a: Frillish|Taunt|p2a: Lileep
|-start|p2a: Lileep|move: Taunt
|cant|p2a: Lileep|par
|
|-weather|Sandstorm|[upkeep]
|-damage|p1a: Frillish|92/100|[from] Sandstorm
|upkeep
|turn|54
|
|t:|1642190000
|switch|p1a: Diglett|Diglett, L5, F|6/100
|-damage|p1a: Diglett|0 fnt|[from] Stealth Rock
|faint|p1a: Diglett
|move|p2a: Lileep|Giga Drain|p1: Diglett|[notarget]
|-fail|p2a: Lileep
|
|-weather|Sandstorm|[upkeep]
|upkeep
|
|t:|1642190003
|switch|p1a: Pawniard|Pawniard, L5, M|5/100
|-damage|p1a: Pawniard|0 fnt|[from] Stealth Rock
|faint|p1a: Pawniard
|-message|Laroxyl forfeited.
|
|win|gali
|c|☆gali|has
|c|☆gali|ggs* 
