|inactive|Battle timer is ON: inactive players will automatically lose when time's up.
|t:|1641932890
|gametype|singles
|player|p1|the pilot98|steven|
|player|p2|Lily|#lily|
|teamsize|p1|6
|teamsize|p2|6
|gen|5
|tier|[Gen 5] UU
|rule|Species Clause: Limit one of each Pokémon
|rule|OHKO Clause: OHKO moves are banned
|rule|Moody Clause: Moody is banned
|rule|Evasion Moves Clause: Evasion moves are banned
|rule|Endless Battle Clause: Forcing endless battles is banned
|rule|HP Percentage Mod: HP is shown in percentages
|rule|Evasion Abilities Clause: Evasion abilities are banned
|rule|Swagger Clause: Swagger is banned
|rule|Sleep Clause Mod: Limit one foe put to sleep
|clearpoke
|poke|p1|Mew|item
|poke|p1|Heracross, M|item
|poke|p1|Roserade, M|item
|poke|p1|Rhyperior, F|item
|poke|p1|Kingdra, M|item
|poke|p1|Sharpedo, M|item
|poke|p2|Sharpedo, F|item
|poke|p2|Cofagrigus, F|item
|poke|p2|Kingdra, F|item
|poke|p2|Qwilfish, M|item
|poke|p2|Cobalion|item
|poke|p2|Mew|item
|teampreview
|c|☆the pilot98|hf
|c|☆Lily|hf
|c|+LpZ IV|invitational?
|c|☆Lily|ya
|
|t:|1641932910
|start
|switch|p1a: Roserade|Roserade, M|100/100
|switch|p2a: antivist|Qwilfish, M|100/100
|-ability|p2a: antivist|Intimidate|boost
|-unboost|p1a: Roserade|atk|1
|turn|1
|inactive|the pilot98 has 270 seconds left.
|
|t:|1641932943
|move|p1a: Roserade|Giga Drain|p2a: antivist
|-damage|p2a: antivist|40/100
|move|p2a: antivist|Thunder Wave|p1a: Roserade
|-status|p1a: Roserade|par
|
|upkeep
|turn|2
|
|t:|1641932949
|move|p2a: antivist|Spikes|p1a: Roserade
|-sidestart|p1: the pilot98|Spikes
|cant|p1a: Roserade|par
|
|upkeep
|turn|3
|
|t:|1641932958
|move|p2a: antivist|Explosion|p1a: Roserade
|-enditem|p1a: Roserade|Focus Sash
|-damage|p1a: Roserade|1/100 par
|faint|p2a: antivist
|cant|p1a: Roserade|par
|
|upkeep
|c|☆the pilot98|ah
|inactive|Lily has 270 seconds left.
|
|t:|1641932997
|switch|p2a: shadow moses|Kingdra, F|100/100
|turn|4
|
|t:|1641933006
|move|p2a: shadow moses|Substitute|p2a: shadow moses
|-start|p2a: shadow moses|Substitute
|-damage|p2a: shadow moses|76/100
|move|p1a: Roserade|Stun Spore|p2a: shadow moses|[miss]
|-miss|p1a: Roserade|p2a: shadow moses
|
|-heal|p2a: shadow moses|82/100|[from] item: Leftovers
|upkeep
|turn|5
|
|t:|1641933011
|move|p2a: shadow moses|Dragon Dance|p2a: shadow moses
|-boost|p2a: shadow moses|atk|1
|-boost|p2a: shadow moses|spe|1
|move|p1a: Roserade|Giga Drain|p2a: shadow moses
|-end|p2a: shadow moses|Substitute
|-heal|p1a: Roserade|15/100 par|[from] drain|[of] p2a: shadow moses
|
|-heal|p2a: shadow moses|88/100|[from] item: Leftovers
|upkeep
|turn|6
|
|t:|1641933026
|move|p2a: shadow moses|Substitute|p2a: shadow moses
|-start|p2a: shadow moses|Substitute
|-damage|p2a: shadow moses|63/100
|move|p1a: Roserade|Sludge Bomb|p2a: shadow moses
|-end|p2a: shadow moses|Substitute
|
|-heal|p2a: shadow moses|70/100|[from] item: Leftovers
|upkeep
|turn|7
|
|t:|1641933034
|move|p2a: shadow moses|Waterfall|p1a: Roserade
|-resisted|p1a: Roserade
|-damage|p1a: Roserade|0 fnt
|faint|p1a: Roserade
|
|-heal|p2a: shadow moses|76/100|[from] item: Leftovers
|upkeep
|inactive|the pilot98 has 270 seconds left.
|inactive|the pilot98 has 240 seconds left.
|
|t:|1641933105
|switch|p1a: Kingdra|Kingdra, M|100/100
|-damage|p1a: Kingdra|88/100|[from] Spikes
|turn|8
|
|t:|1641933109
|move|p2a: shadow moses|Outrage|p1a: Kingdra
|-supereffective|p1a: Kingdra
|-damage|p1a: Kingdra|0 fnt
|faint|p1a: Kingdra
|
|-heal|p2a: shadow moses|82/100|[from] item: Leftovers
|upkeep
|
|t:|1641933111
|switch|p1a: Rhyperior|Rhyperior, F|100/100
|-damage|p1a: Rhyperior|88/100|[from] Spikes
|turn|9
|
|t:|1641933113
|move|p2a: shadow moses|Outrage|p1a: Rhyperior|[from]lockedmove
|-damage|p1a: Rhyperior|40/100
|move|p1a: Rhyperior|Dragon Tail|p2a: shadow moses
|-supereffective|p2a: shadow moses
|-damage|p2a: shadow moses|32/100
|drag|p2a: empire|Cobalion|100/100
|
|-heal|p1a: Rhyperior|46/100|[from] item: Leftovers
|upkeep
|turn|10
|
|t:|1641933124
|switch|p1a: Heracross|Heracross, M|100/100
|-damage|p1a: Heracross|88/100|[from] Spikes
|move|p2a: empire|Stealth Rock|p1a: Heracross
|-sidestart|p1: the pilot98|move: Stealth Rock
|
|upkeep
|turn|11
|
|t:|1641933135
|switch|p2a: shadow moses|Kingdra, F|32/100
|move|p1a: Heracross|Close Combat|p2a: shadow moses
|-damage|p2a: shadow moses|0 fnt
|-unboost|p1a: Heracross|def|1
|-unboost|p1a: Heracross|spd|1
|faint|p2a: shadow moses
|
|upkeep
|
|t:|1641933146
|switch|p2a: hospital for souls|Cofagrigus, F|100/100
|turn|12
|inactive|the pilot98 has 270 seconds left.
|
|t:|1641933151
|switch|p1a: Rhyperior|Rhyperior, F|46/100
|-damage|p1a: Rhyperior|33/100|[from] Spikes
|-damage|p1a: Rhyperior|27/100|[from] Stealth Rock
|move|p2a: hospital for souls|Trick Room|p2a: hospital for souls
|-fieldstart|move: Trick Room|[of] p2a: hospital for souls
|
|-heal|p1a: Rhyperior|33/100|[from] item: Leftovers
|upkeep
|turn|13
|
|t:|1641933158
|move|p2a: hospital for souls|Shadow Ball|p1a: Rhyperior
|-damage|p1a: Rhyperior|0 fnt
|faint|p1a: Rhyperior
|
|upkeep
|c|☆the pilot98|gg
|-message|the pilot98 forfeited.
|
|win|Lily
|c|☆Lily|ggs
