|inactive|Battle timer is ON: inactive players will automatically lose when time's up.
|t:|1644016921
|gametype|singles
|player|p1|sparklingdream|plasmagruntf|
|player|p2|mars and back|rosa|
|teamsize|p1|6
|teamsize|p2|6
|gen|5
|tier|[Gen 5] OU
|rule|Species Clause: Limit one of each Pokémon
|rule|OHKO Clause: OHKO moves are banned
|rule|Moody Clause: Moody is banned
|rule|Evasion Moves Clause: Evasion moves are banned
|rule|Endless Battle Clause: Forcing endless battles is banned
|rule|HP Percentage Mod: HP is shown in percentages
|rule|Evasion Abilities Clause: Evasion abilities are banned
|rule|Sleep Clause: Sleep-inducing moves are banned
|rule|Swagger Clause: Swagger is banned
|clearpoke
|poke|p1|Keldeo|item
|poke|p1|Terrakion|item
|poke|p1|Kyurem-Black|item
|poke|p1|Jirachi|item
|poke|p1|Latios, M|item
|poke|p1|Hippowdon, F|item
|poke|p2|Cloyster, M|item
|poke|p2|Dragonite, M|item
|poke|p2|Aerodactyl, M|item
|poke|p2|Scizor, F|item
|poke|p2|Latios, M|item
|poke|p2|Volcarona, F|item
|teampreview
|inactive|mars and back also wants the timer to be on.
|inactive|sparklingdream has 270 seconds left.
|inactive|sparklingdream has 240 seconds left.
|inactive|sparklingdream has 210 seconds left.
|
|t:|1644017022
|start
|switch|p1a: Terrakion|Terrakion|100/100
|switch|p2a: Levitating|Aerodactyl, M|100/100
|-ability|p2a: Levitating|Pressure
|turn|1
|
|t:|1644017025
|move|p2a: Levitating|Taunt|p1a: Terrakion
|-start|p1a: Terrakion|move: Taunt
|move|p1a: Terrakion|Close Combat|p2a: Levitating
|-enditem|p2a: Levitating|Focus Sash
|-damage|p2a: Levitating|1/100
|-unboost|p1a: Terrakion|def|1
|-unboost|p1a: Terrakion|spd|1
|-damage|p1a: Terrakion|91/100|[from] item: Life Orb
|
|upkeep
|turn|2
|
|t:|1644017027
|move|p1a: Terrakion|Quick Attack|p2a: Levitating
|-resisted|p2a: Levitating
|-damage|p2a: Levitating|0 fnt
|faint|p2a: Levitating
|-damage|p1a: Terrakion|81/100|[from] item: Life Orb
|
|upkeep
|
|t:|1644017030
|switch|p2a: Prisoner|Scizor, F|100/100
|turn|3
|
|t:|1644017043
|move|p2a: Prisoner|U-turn|p1a: Terrakion
|-resisted|p1a: Terrakion
|-damage|p1a: Terrakion|51/100
|
|t:|1644017046
|switch|p2a: IDGAF|Dragonite, M|100/100|[from]move: U-turn
|move|p1a: Terrakion|Close Combat|p2a: IDGAF
|-resisted|p2a: IDGAF
|-damage|p2a: IDGAF|79/100
|-unboost|p1a: Terrakion|def|1
|-unboost|p1a: Terrakion|spd|1
|-damage|p1a: Terrakion|41/100|[from] item: Life Orb
|
|-end|p1a: Terrakion|move: Taunt
|upkeep
|turn|4
|
|t:|1644017052
|switch|p1a: Hippowdon|Hippowdon, F|100/100
|-weather|Sandstorm|[from] ability: Sand Stream|[of] p1a: Hippowdon
|move|p2a: IDGAF|Extreme Speed|p1a: Hippowdon
|-damage|p1a: Hippowdon|84/100
|
|-weather|Sandstorm|[upkeep]
|-damage|p2a: IDGAF|73/100|[from] Sandstorm
|-heal|p1a: Hippowdon|90/100|[from] item: Leftovers
|upkeep
|turn|5
|
|t:|1644017058
|move|p2a: IDGAF|Dragon Dance|p2a: IDGAF
|-boost|p2a: IDGAF|atk|1
|-boost|p2a: IDGAF|spe|1
|move|p1a: Hippowdon|Stealth Rock|p2a: IDGAF
|-sidestart|p2: mars and back|move: Stealth Rock
|
|-weather|Sandstorm|[upkeep]
|-damage|p2a: IDGAF|66/100|[from] Sandstorm
|-heal|p1a: Hippowdon|96/100|[from] item: Leftovers
|upkeep
|turn|6
|
|t:|1644017063
|move|p2a: IDGAF|Outrage|p1a: Hippowdon
|-damage|p1a: Hippowdon|39/100
|move|p1a: Hippowdon|Whirlwind|p2a: IDGAF
|drag|p2a: We're Good|Latios, M|100/100
|-damage|p2a: We're Good|88/100|[from] Stealth Rock
|
|-weather|Sandstorm|[upkeep]
|-damage|p2a: We're Good|82/100|[from] Sandstorm
|-heal|p1a: Hippowdon|45/100|[from] item: Leftovers
|upkeep
|turn|7
|
|t:|1644017070
|move|p2a: We're Good|Surf|p1a: Hippowdon
|-supereffective|p1a: Hippowdon
|-damage|p1a: Hippowdon|0 fnt
|faint|p1a: Hippowdon
|
|-weather|Sandstorm|[upkeep]
|-damage|p2a: We're Good|76/100|[from] Sandstorm
|upkeep
|
|t:|1644017075
|switch|p1a: Jirachi|Jirachi|100/100
|turn|8
|
|t:|1644017078
|switch|p2a: Prisoner|Scizor, F|100/100
|-damage|p2a: Prisoner|88/100|[from] Stealth Rock
|move|p1a: Jirachi|Iron Head|p2a: Prisoner
|-resisted|p2a: Prisoner
|-crit|p2a: Prisoner
|-damage|p2a: Prisoner|52/100
|
|-weather|Sandstorm|[upkeep]
|upkeep
|turn|9
|
|t:|1644017085
|move|p2a: Prisoner|U-turn|p1a: Jirachi
|-damage|p1a: Jirachi|68/100
|
|t:|1644017087
|switch|p2a: We're Good|Latios, M|76/100|[from]move: U-turn
|-damage|p2a: We're Good|64/100|[from] Stealth Rock
|move|p1a: Jirachi|Substitute|p1a: Jirachi
|-start|p1a: Jirachi|Substitute
|-damage|p1a: Jirachi|43/100
|
|-weather|Sandstorm|[upkeep]
|-damage|p2a: We're Good|58/100|[from] Sandstorm
|-heal|p1a: Jirachi|49/100|[from] item: Leftovers
|upkeep
|turn|10
|
|t:|1644017089
|move|p2a: We're Good|Surf|p1a: Jirachi
|-end|p1a: Jirachi|Substitute
|move|p1a: Jirachi|Iron Head|p2a: We're Good
|-damage|p2a: We're Good|16/100
|
|-weather|Sandstorm|[upkeep]
|-damage|p2a: We're Good|10/100|[from] Sandstorm
|-heal|p1a: Jirachi|55/100|[from] item: Leftovers
|upkeep
|turn|11
|
|t:|1644017094
|move|p2a: We're Good|Surf|p1a: Jirachi
|-damage|p1a: Jirachi|31/100
|move|p1a: Jirachi|Iron Head|p2a: We're Good
|-damage|p2a: We're Good|0 fnt
|faint|p2a: We're Good
|
|-weather|Sandstorm|[upkeep]
|-heal|p1a: Jirachi|37/100|[from] item: Leftovers
|upkeep
|
|t:|1644017103
|switch|p2a: Cold Heart|Volcarona, F|100/100
|-damage|p2a: Cold Heart|51/100|[from] Stealth Rock
|turn|12
|
|t:|1644017108
|switch|p1a: Keldeo|Keldeo|100/100
|move|p2a: Cold Heart|Fire Blast|p1a: Keldeo
|-resisted|p1a: Keldeo
|-damage|p1a: Keldeo|65/100
|
|-weather|Sandstorm|[upkeep]
|-damage|p1a: Keldeo|59/100|[from] Sandstorm
|-damage|p2a: Cold Heart|45/100|[from] Sandstorm
|upkeep
|turn|13
|inactive|sparklingdream has 270 seconds left.
|
|t:|1644017146
|switch|p1a: Terrakion|Terrakion|41/100
|move|p2a: Cold Heart|Quiver Dance|p2a: Cold Heart
|-boost|p2a: Cold Heart|spa|1
|-boost|p2a: Cold Heart|spd|1
|-boost|p2a: Cold Heart|spe|1
|
|-weather|Sandstorm|[upkeep]
|-damage|p2a: Cold Heart|38/100|[from] Sandstorm
|upkeep
|turn|14
|
|t:|1644017150
|move|p1a: Terrakion|Quick Attack|p2a: Cold Heart
|-damage|p2a: Cold Heart|11/100
|-damage|p1a: Terrakion|31/100|[from] item: Life Orb
|move|p2a: Cold Heart|Fire Blast|p1a: Terrakion
|-resisted|p1a: Terrakion
|-damage|p1a: Terrakion|0 fnt
|faint|p1a: Terrakion
|
|-weather|Sandstorm|[upkeep]
|-damage|p2a: Cold Heart|5/100|[from] Sandstorm
|upkeep
|inactive|sparklingdream has 270 seconds left.
|
|t:|1644017170
|switch|p1a: Keldeo|Keldeo|59/100
|turn|15
|
|t:|1644017173
|move|p1a: Keldeo|Secret Sword|p2a: Cold Heart
|-resisted|p2a: Cold Heart
|-damage|p2a: Cold Heart|0 fnt
|faint|p2a: Cold Heart
|
|-weather|Sandstorm|[upkeep]
|-damage|p1a: Keldeo|53/100|[from] Sandstorm
|upkeep
|
|t:|1644017182
|switch|p2a: IDGAF|Dragonite, M|66/100
|-damage|p2a: IDGAF|42/100|[from] Stealth Rock
|turn|16
|
|t:|1644017201
|switch|p1a: Kyurem|Kyurem-Black|100/100
|-ability|p1a: Kyurem|Teravolt
|move|p2a: IDGAF|Dragon Dance|p2a: IDGAF
|-boost|p2a: IDGAF|atk|1
|-boost|p2a: IDGAF|spe|1
|
|-weather|Sandstorm|[upkeep]
|-damage|p2a: IDGAF|35/100|[from] Sandstorm
|-damage|p1a: Kyurem|94/100|[from] Sandstorm
|-heal|p1a: Kyurem|100/100|[from] item: Leftovers
|upkeep
|turn|17
|inactive|mars and back has 270 seconds left.
|
|t:|1644017231
|move|p2a: IDGAF|Outrage|p1a: Kyurem
|-supereffective|p1a: Kyurem
|-damage|p1a: Kyurem|0 fnt
|faint|p1a: Kyurem
|
|-weather|Sandstorm|[upkeep]
|-damage|p2a: IDGAF|29/100|[from] Sandstorm
|upkeep
|inactive|sparklingdream has 270 seconds left.
|
|t:|1644017279
|switch|p1a: Jirachi|Jirachi|37/100
|turn|18
|
|t:|1644017283
|move|p2a: IDGAF|Outrage|p1a: Jirachi|[from]lockedmove
|-resisted|p1a: Jirachi
|-damage|p1a: Jirachi|0 fnt
|faint|p1a: Jirachi
|
|-weather|Sandstorm|[upkeep]
|-damage|p2a: IDGAF|23/100|[from] Sandstorm
|upkeep
|
|t:|1644017286
|switch|p1a: Keldeo|Keldeo|53/100
|turn|19
|
|t:|1644017288
|move|p1a: Keldeo|Secret Sword|p2a: IDGAF
|-resisted|p2a: IDGAF
|-damage|p2a: IDGAF|0 fnt
|faint|p2a: IDGAF
|
|-weather|Sandstorm|[upkeep]
|-damage|p1a: Keldeo|46/100|[from] Sandstorm
|upkeep
|inactive|mars and back has 270 seconds left.
|
|t:|1644017334
|switch|p2a: New Rules|Cloyster, M|100/100
|-damage|p2a: New Rules|76/100|[from] Stealth Rock
|turn|20
|inactive|sparklingdream has 270 seconds left.
|inactive|sparklingdream has 240 seconds left.
|
|t:|1644017388
|switch|p1a: Latios|Latios, M|100/100
|move|p2a: New Rules|Shell Smash|p2a: New Rules
|-unboost|p2a: New Rules|def|1
|-unboost|p2a: New Rules|spd|1
|-boost|p2a: New Rules|atk|2
|-boost|p2a: New Rules|spa|2
|-boost|p2a: New Rules|spe|2
|
|-weather|Sandstorm|[upkeep]
|-damage|p2a: New Rules|69/100|[from] Sandstorm
|-damage|p1a: Latios|95/100|[from] Sandstorm
|upkeep
|turn|21
|inactive|mars and back has 270 seconds left.
|
|t:|1644017420
|move|p2a: New Rules|Ice Shard|p1a: Latios
|-enditem|p2a: New Rules|Ice Gem|[from] gem
|-supereffective|p1a: Latios
|-damage|p1a: Latios|0 fnt
|faint|p1a: Latios
|
|-weather|Sandstorm|[upkeep]
|-damage|p2a: New Rules|63/100|[from] Sandstorm
|upkeep
|
|t:|1644017428
|switch|p1a: Keldeo|Keldeo|46/100
|turn|22
|
|t:|1644017430
|move|p2a: New Rules|Ice Shard|p1a: Keldeo
|-resisted|p1a: Keldeo
|-damage|p1a: Keldeo|27/100
|move|p1a: Keldeo|Secret Sword|p2a: New Rules
|-supereffective|p2a: New Rules
|-damage|p2a: New Rules|0 fnt
|faint|p2a: New Rules
|
|-weather|Sandstorm|[upkeep]
|-damage|p1a: Keldeo|21/100|[from] Sandstorm
|upkeep
|
|t:|1644017432
|switch|p2a: Prisoner|Scizor, F|52/100
|-damage|p2a: Prisoner|39/100|[from] Stealth Rock
|turn|23
|
|t:|1644017436
|move|p2a: Prisoner|Bullet Punch|p1a: Keldeo
|-resisted|p1a: Keldeo
|-damage|p1a: Keldeo|2/100
|move|p1a: Keldeo|Secret Sword|p2a: Prisoner
|-damage|p2a: Prisoner|0 fnt
|faint|p2a: Prisoner
|
|win|sparklingdream
