|inactive|Battle timer is ON: inactive players will automatically lose when time's up.
|t:|1644167829
|gametype|singles
|player|p1|ckw|#wcop2021canada|
|player|p2|toytean|veteran|
|teamsize|p1|6
|teamsize|p2|6
|gen|5
|tier|[Gen 5] OU
|rule|Species Clause: Limit one of each Pokémon
|rule|OHKO Clause: OHKO moves are banned
|rule|Moody Clause: Moody is banned
|rule|Evasion Moves Clause: Evasion moves are banned
|rule|Endless Battle Clause: Forcing endless battles is banned
|rule|HP Percentage Mod: HP is shown in percentages
|rule|Evasion Abilities Clause: Evasion abilities are banned
|rule|Sleep Clause: Sleep-inducing moves are banned
|rule|Swagger Clause: Swagger is banned
|clearpoke
|poke|p1|Hippowdon, F|item
|poke|p1|Reuniclus, F|item
|poke|p1|Gastrodon, M|item
|poke|p1|Hydreigon, F|item
|poke|p1|Skarmory, F|item
|poke|p1|Infernape, M|item
|poke|p2|Tyranitar, F|item
|poke|p2|Celebi|item
|poke|p2|Alakazam, M|item
|poke|p2|Terrakion|item
|poke|p2|Skarmory, M|item
|poke|p2|Jellicent, M|item
|teampreview
|c|☆ckw|hf
|
|t:|1644167855
|start
|switch|p1a: Hydreigon|Hydreigon, F|100/100
|switch|p2a: Jellicent|Jellicent, M|100/100
|turn|1
|
|t:|1644167865
|switch|p2a: SEITON|Tyranitar, F|100/100
|-weather|Sandstorm|[from] ability: Sand Stream|[of] p2a: SEITON
|move|p1a: Hydreigon|U-turn|p2a: SEITON
|-supereffective|p2a: SEITON
|-damage|p2a: SEITON|54/100
|
|t:|1644167871
|switch|p1a: Infernape|Infernape, M|100/100|[from]move: U-turn
|
|-weather|Sandstorm|[upkeep]
|-damage|p1a: Infernape|94/100|[from] Sandstorm
|upkeep
|turn|2
|
|t:|1644167874
|switch|p2a: Jellicent|Jellicent, M|100/100
|move|p1a: Infernape|U-turn|p2a: Jellicent
|-resisted|p2a: Jellicent
|-damage|p2a: Jellicent|92/100
|
|t:|1644167876
|switch|p1a: Hydreigon|Hydreigon, F|100/100|[from]move: U-turn
|
|-weather|Sandstorm|[upkeep]
|-damage|p1a: Hydreigon|94/100|[from] Sandstorm
|-damage|p2a: Jellicent|86/100|[from] Sandstorm
|-heal|p2a: Jellicent|92/100|[from] item: Leftovers
|upkeep
|turn|3
|
|t:|1644167901
|move|p1a: Hydreigon|U-turn|p2a: Jellicent
|-resisted|p2a: Jellicent
|-damage|p2a: Jellicent|77/100
|
|t:|1644167902
|switch|p1a: Gnosis|Reuniclus, F|100/100|[from]move: U-turn
|move|p2a: Jellicent|Will-O-Wisp|p1a: Gnosis|[miss]
|-miss|p2a: Jellicent|p1a: Gnosis
|
|-weather|Sandstorm|[upkeep]
|-damage|p2a: Jellicent|71/100|[from] Sandstorm
|-heal|p2a: Jellicent|77/100|[from] item: Leftovers
|upkeep
|turn|4
|
|t:|1644167912
|switch|p2a: SEITON|Tyranitar, F|54/100
|move|p1a: Gnosis|Thunder|p2a: SEITON
|-crit|p2a: SEITON
|-damage|p2a: SEITON|16/100
|
|-weather|Sandstorm|[upkeep]
|upkeep
|turn|5
|
|t:|1644167917
|-activate|p1a: Gnosis|move: Pursuit
|move|p2a: SEITON|Pursuit|p1a: Gnosis|[from]Pursuit
|-supereffective|p1a: Gnosis
|-damage|p1a: Gnosis|43/100
|switch|p1a: Hippowdon|Hippowdon, F|100/100
|
|-weather|Sandstorm|[upkeep]
|upkeep
|turn|6
|
|t:|1644167923
|switch|p2a: Celebi|Celebi|100/100
|move|p1a: Hippowdon|Stealth Rock|p2a: Celebi
|-sidestart|p2: toytean|move: Stealth Rock
|
|-weather|Sandstorm|[upkeep]
|-damage|p2a: Celebi|94/100|[from] Sandstorm
|-heal|p2a: Celebi|100/100|[from] item: Leftovers
|upkeep
|turn|7
|
|t:|1644167938
|switch|p1a: Hydreigon|Hydreigon, F|94/100
|move|p2a: Celebi|U-turn|p1a: Hydreigon
|-supereffective|p1a: Hydreigon
|-crit|p1a: Hydreigon
|-damage|p1a: Hydreigon|24/100
|
|t:|1644167947
|switch|p2a: Terrakion|Terrakion|100/100|[from]move: U-turn
|-damage|p2a: Terrakion|94/100|[from] Stealth Rock
|
|-weather|Sandstorm|[upkeep]
|-damage|p1a: Hydreigon|17/100|[from] Sandstorm
|upkeep
|turn|8
|
|t:|1644167965
|switch|p1a: Hippowdon|Hippowdon, F|100/100
|move|p2a: Terrakion|Close Combat|p1a: Hippowdon
|-damage|p1a: Hippowdon|33/100
|-unboost|p2a: Terrakion|def|1
|-unboost|p2a: Terrakion|spd|1
|
|-weather|Sandstorm|[upkeep]
|-heal|p1a: Hippowdon|39/100|[from] item: Leftovers
|upkeep
|turn|9
|inactive|ckw has 270 seconds left.
|
|t:|1644168007
|switch|p1a: Gastrodon|Gastrodon, M|100/100
|move|p2a: Terrakion|Close Combat|p1a: Gastrodon
|-damage|p1a: Gastrodon|30/100
|-unboost|p2a: Terrakion|def|1
|-unboost|p2a: Terrakion|spd|1
|
|-weather|Sandstorm|[upkeep]
|-heal|p1a: Gastrodon|36/100|[from] item: Leftovers
|upkeep
|turn|10
|
|t:|1644168016
|move|p2a: Terrakion|Close Combat|p1a: Gastrodon
|-damage|p1a: Gastrodon|0 fnt
|-unboost|p2a: Terrakion|def|1
|-unboost|p2a: Terrakion|spd|1
|faint|p1a: Gastrodon
|
|-weather|Sandstorm|[upkeep]
|upkeep
|
|t:|1644168019
|switch|p1a: Infernape|Infernape, M|94/100
|turn|11
|
|t:|1644168033
|switch|p2a: Jellicent|Jellicent, M|77/100
|-damage|p2a: Jellicent|65/100|[from] Stealth Rock
|move|p1a: Infernape|Close Combat|p2a: Jellicent
|-immune|p2a: Jellicent
|
|-weather|Sandstorm|[upkeep]
|-damage|p1a: Infernape|88/100|[from] Sandstorm
|-damage|p2a: Jellicent|59/100|[from] Sandstorm
|-heal|p2a: Jellicent|65/100|[from] item: Leftovers
|upkeep
|turn|12
|
|t:|1644168038
|switch|p1a: Gnosis|Reuniclus, F|43/100
|move|p2a: Jellicent|Night Shade|p1a: Gnosis
|-damage|p1a: Gnosis|20/100
|
|-weather|Sandstorm|[upkeep]
|-damage|p2a: Jellicent|59/100|[from] Sandstorm
|-heal|p2a: Jellicent|65/100|[from] item: Leftovers
|upkeep
|turn|13
|
|t:|1644168048
|move|p2a: Jellicent|Night Shade|p1a: Gnosis
|-damage|p1a: Gnosis|0 fnt
|faint|p1a: Gnosis
|
|-weather|Sandstorm|[upkeep]
|-damage|p2a: Jellicent|59/100|[from] Sandstorm
|-heal|p2a: Jellicent|65/100|[from] item: Leftovers
|upkeep
|
|t:|1644168050
|switch|p1a: Hydreigon|Hydreigon, F|17/100
|turn|14
|
|t:|1644168057
|switch|p2a: SEITON|Tyranitar, F|16/100
|-damage|p2a: SEITON|4/100|[from] Stealth Rock
|move|p1a: Hydreigon|Crunch|p2a: SEITON
|-resisted|p2a: SEITON
|-crit|p2a: SEITON
|-damage|p2a: SEITON|0 fnt
|faint|p2a: SEITON
|
|-weather|Sandstorm|[upkeep]
|-damage|p1a: Hydreigon|11/100|[from] Sandstorm
|upkeep
|c|+Nalorium|toy
|c|+Nalorium|eres
|c|+Nalorium|mu malo
|c|+Nalorium|fr
|
|t:|1644168072
|switch|p2a: Terrakion|Terrakion|94/100
|-damage|p2a: Terrakion|88/100|[from] Stealth Rock
|turn|15
|
|t:|1644168076
|switch|p1a: Hippowdon|Hippowdon, F|39/100
|move|p2a: Terrakion|Close Combat|p1a: Hippowdon
|-damage|p1a: Hippowdon|0 fnt
|-unboost|p2a: Terrakion|def|1
|-unboost|p2a: Terrakion|spd|1
|faint|p1a: Hippowdon
|
|-weather|Sandstorm|[upkeep]
|upkeep
|
|t:|1644168078
|switch|p1a: Infernape|Infernape, M|88/100
|turn|16
|
|t:|1644168090
|switch|p2a: Celebi|Celebi|100/100
|-damage|p2a: Celebi|88/100|[from] Stealth Rock
|move|p1a: Infernape|Close Combat|p2a: Celebi
|-resisted|p2a: Celebi
|-damage|p2a: Celebi|70/100
|-unboost|p1a: Infernape|def|1
|-unboost|p1a: Infernape|spd|1
|
|-weather|Sandstorm|[upkeep]
|-damage|p1a: Infernape|82/100|[from] Sandstorm
|-damage|p2a: Celebi|63/100|[from] Sandstorm
|-heal|p2a: Celebi|70/100|[from] item: Leftovers
|upkeep
|turn|17
|
|t:|1644168095
|switch|p1a: Skarmory|Skarmory, F|100/100
|move|p2a: Celebi|Stealth Rock|p1a: Skarmory
|-sidestart|p1: ckw|move: Stealth Rock
|
|-weather|Sandstorm|[upkeep]
|-damage|p2a: Celebi|63/100|[from] Sandstorm
|-heal|p2a: Celebi|70/100|[from] item: Leftovers
|upkeep
|turn|18
|
|t:|1644168107
|move|p2a: Celebi|U-turn|p1a: Skarmory
|-resisted|p1a: Skarmory
|-damage|p1a: Skarmory|97/100
|
|t:|1644168110
|switch|p2a: Jellicent|Jellicent, M|65/100|[from]move: U-turn
|-damage|p2a: Jellicent|52/100|[from] Stealth Rock
|move|p1a: Skarmory|Spikes|p2a: Jellicent
|-sidestart|p2: toytean|Spikes
|
|-weather|Sandstorm|[upkeep]
|-damage|p2a: Jellicent|46/100|[from] Sandstorm
|-heal|p2a: Jellicent|52/100|[from] item: Leftovers
|-heal|p1a: Skarmory|100/100|[from] item: Leftovers
|upkeep
|turn|19
|
|t:|1644168114
|move|p2a: Jellicent|Will-O-Wisp|p1a: Skarmory
|-status|p1a: Skarmory|brn
|move|p1a: Skarmory|Brave Bird|p2a: Jellicent
|-damage|p2a: Jellicent|36/100
|-damage|p1a: Skarmory|94/100 brn|[from] Recoil
|
|-weather|Sandstorm|[upkeep]
|-damage|p2a: Jellicent|30/100|[from] Sandstorm
|-heal|p2a: Jellicent|36/100|[from] item: Leftovers
|-heal|p1a: Skarmory|99/100 brn|[from] item: Leftovers
|-damage|p1a: Skarmory|88/100 brn|[from] brn
|upkeep
|turn|20
|c|☆ckw|gg
|
|t:|1644168124
|move|p2a: Jellicent|Recover|p2a: Jellicent
|-heal|p2a: Jellicent|86/100
|move|p1a: Skarmory|Spikes|p2a: Jellicent
|-sidestart|p2: toytean|Spikes
|
|-weather|Sandstorm|[upkeep]
|-damage|p2a: Jellicent|80/100|[from] Sandstorm
|-heal|p2a: Jellicent|86/100|[from] item: Leftovers
|-heal|p1a: Skarmory|94/100 brn|[from] item: Leftovers
|-damage|p1a: Skarmory|82/100 brn|[from] brn
|upkeep
|turn|21
|
|t:|1644168130
|move|p2a: Jellicent|Taunt|p1a: Skarmory
|-start|p1a: Skarmory|move: Taunt
|cant|p1a: Skarmory|move: Taunt|Spikes
|
|-weather|Sandstorm|[upkeep]
|-damage|p2a: Jellicent|80/100|[from] Sandstorm
|-heal|p2a: Jellicent|86/100|[from] item: Leftovers
|-heal|p1a: Skarmory|88/100 brn|[from] item: Leftovers
|-damage|p1a: Skarmory|75/100 brn|[from] brn
|upkeep
|turn|22
|
|t:|1644168133
|move|p2a: Jellicent|Night Shade|p1a: Skarmory
|-damage|p1a: Skarmory|45/100 brn
|move|p1a: Skarmory|Brave Bird|p2a: Jellicent
|-damage|p2a: Jellicent|70/100
|-damage|p1a: Skarmory|38/100 brn|[from] Recoil
|
|-weather|Sandstorm|[upkeep]
|-damage|p2a: Jellicent|64/100|[from] Sandstorm
|-heal|p2a: Jellicent|70/100|[from] item: Leftovers
|-heal|p1a: Skarmory|44/100 brn|[from] item: Leftovers
|-damage|p1a: Skarmory|32/100 brn|[from] brn
|upkeep
|turn|23
|
|t:|1644168139
|move|p2a: Jellicent|Recover|p2a: Jellicent
|-heal|p2a: Jellicent|100/100
|move|p1a: Skarmory|Brave Bird|p2a: Jellicent
|-damage|p2a: Jellicent|83/100
|-damage|p1a: Skarmory|25/100 brn|[from] Recoil
|
|-weather|Sandstorm|[upkeep]
|-damage|p2a: Jellicent|77/100|[from] Sandstorm
|-heal|p2a: Jellicent|83/100|[from] item: Leftovers
|-heal|p1a: Skarmory|31/100 brn|[from] item: Leftovers
|-damage|p1a: Skarmory|19/100 brn|[from] brn
|-end|p1a: Skarmory|move: Taunt
|upkeep
|turn|24
|
|t:|1644168141
|move|p2a: Jellicent|Night Shade|p1a: Skarmory
|-damage|p1a: Skarmory|0 fnt
|faint|p1a: Skarmory
|
|-weather|Sandstorm|[upkeep]
|-damage|p2a: Jellicent|77/100|[from] Sandstorm
|-heal|p2a: Jellicent|83/100|[from] item: Leftovers
|upkeep
|-message|ckw forfeited.
|
|win|toytean
