|inactive|Battle timer is ON: inactive players will automatically lose when time's up.
|t:|1633276942
|gametype|singles
|player|p1|Ark|evelyn|
|player|p2|Finchinator|#finchinator|
|teamsize|p1|6
|teamsize|p2|6
|gen|5
|tier|[Gen 5] UU
|rule|Species Clause: Limit one of each Pokémon
|rule|OHKO Clause: OHKO moves are banned
|rule|Moody Clause: Moody is banned
|rule|Evasion Moves Clause: Evasion moves are banned
|rule|Endless Battle Clause: Forcing endless battles is banned
|rule|HP Percentage Mod: HP is shown in percentages
|rule|Evasion Abilities Clause: Evasion abilities are banned
|rule|Baton Pass Clause: Limit one Baton Passer, can't pass Spe and other stats simultaneously
|rule|Swagger Clause: Swagger is banned
|rule|Sleep Clause Mod: Limit one foe put to sleep
|clearpoke
|poke|p1|Zoroark, M|item
|poke|p1|Mienshao, M|item
|poke|p1|Victini|item
|poke|p1|Nidoqueen, F|item
|poke|p1|Bronzong|item
|poke|p1|Blastoise, M|item
|poke|p2|Umbreon, M|item
|poke|p2|Xatu, F|item
|poke|p2|Gligar, M|item
|poke|p2|Roserade, F|item
|poke|p2|Mienshao, M|item
|poke|p2|Suicune|item
|teampreview
|c|☆Finchinator|hf
|c|+Pohjis|LGI ARK
|c|☆Ark|same
|inactive|Ark has 270 seconds left.
|inactive|Finchinator has 270 seconds left.
|
|t:|1633276987
|start
|switch|p1a: Victini|Victini|100/100
|switch|p2a: Gligar|Gligar, M|100/100
|turn|1
|
|t:|1633276995
|move|p1a: Victini|Dark Pulse|p2a: Gligar
|-damage|p2a: Gligar|44/100
|move|p2a: Gligar|Stealth Rock|p1a: Victini
|-sidestart|p1: Ark|move: Stealth Rock
|
|upkeep
|turn|2
|
|t:|1633277005
|switch|p1a: Blastoise|Blastoise, M|100/100
|-damage|p1a: Blastoise|88/100|[from] Stealth Rock
|switch|p2a: Umbreon|Umbreon, M|100/100
|
|-heal|p1a: Blastoise|94/100|[from] item: Leftovers
|upkeep
|turn|3
|
|t:|1633277008
|switch|p2a: Roserade|Roserade, F|100/100
|move|p1a: Blastoise|Rapid Spin|p2a: Roserade
|-damage|p2a: Roserade|94/100
|-sideend|p1: Ark|Stealth Rock|[from] move: Rapid Spin|[of] p1a: Blastoise
|
|-heal|p2a: Roserade|99/100|[from] item: Black Sludge
|-heal|p1a: Blastoise|99/100|[from] item: Leftovers
|upkeep
|turn|4
|
|t:|1633277010
|switch|p1a: Victini|Victini|100/100
|move|p2a: Roserade|Spikes|p1a: Victini
|-sidestart|p1: Ark|Spikes
|
|-heal|p2a: Roserade|100/100|[from] item: Black Sludge
|upkeep
|turn|5
|
|t:|1633277021
|switch|p2a: Umbreon|Umbreon, M|100/100
|move|p1a: Victini|Blue Flare|p2a: Umbreon
|-damage|p2a: Umbreon|62/100
|-damage|p1a: Victini|91/100|[from] item: Life Orb
|
|-heal|p2a: Umbreon|68/100|[from] item: Leftovers
|upkeep
|turn|6
|c|+blarghlfarghl|!learn victini, dark pulse
|c|+blarghlfarghl|/raw <div class="infobox">In [Gen 5] UU, Victini <span class="message-learn-cannotlearn">can't</span> learn Dark Pulse</div>
|
|t:|1633277029
|move|p2a: Umbreon|Protect|p2a: Umbreon
|-singleturn|p2a: Umbreon|Protect
|move|p1a: Victini|Blue Flare|p2a: Umbreon
|-activate|p2a: Umbreon|move: Protect
|
|-heal|p2a: Umbreon|74/100|[from] item: Leftovers
|upkeep
|turn|7
|
|t:|1633277032
|move|p1a: Victini|Focus Blast|p2a: Umbreon
|-supereffective|p2a: Umbreon
|-damage|p2a: Umbreon|30/100
|-damage|p1a: Victini|81/100|[from] item: Life Orb
|move|p2a: Umbreon|Wish|p2a: Umbreon
|
|-heal|p2a: Umbreon|36/100|[from] item: Leftovers
|upkeep
|turn|8
|c|+blarghlfarghl|this guys hacking
|
|t:|1633277042
|switch|p1a: Nidoqueen|Nidoqueen, F|100/100
|-damage|p1a: Nidoqueen|88/100|[from] Spikes
|move|p2a: Umbreon|Protect||[still]
|-fail|p2a: Umbreon
|
|-heal|p2a: Umbreon|86/100|[from] move: Wish|[wisher] Umbreon
|-heal|p2a: Umbreon|92/100|[from] item: Leftovers
|upkeep
|turn|9
|
|t:|1633277050
|move|p1a: Nidoqueen|Toxic Spikes|p2a: Umbreon
|-sidestart|p2: Finchinator|move: Toxic Spikes
|move|p2a: Umbreon|Foul Play|p1a: Nidoqueen
|-damage|p1a: Nidoqueen|65/100
|
|-heal|p2a: Umbreon|98/100|[from] item: Leftovers
|upkeep
|turn|10
|
|t:|1633277057
|switch|p1a: Blastoise|Blastoise, M|99/100
|-damage|p1a: Blastoise|88/100|[from] Spikes
|move|p2a: Umbreon|Foul Play|p1a: Blastoise
|-damage|p1a: Blastoise|74/100
|
|-heal|p1a: Blastoise|80/100|[from] item: Leftovers
|-heal|p2a: Umbreon|100/100|[from] item: Leftovers
|upkeep
|turn|11
|
|t:|1633277061
|switch|p2a: Roserade|Roserade, F|100/100
|-sideend|p2: Finchinator|move: Toxic Spikes|[of] p2a: Roserade
|move|p1a: Blastoise|Rapid Spin|p2a: Roserade
|-damage|p2a: Roserade|94/100
|-sideend|p1: Ark|Spikes|[from] move: Rapid Spin|[of] p1a: Blastoise
|
|-heal|p2a: Roserade|99/100|[from] item: Black Sludge
|-heal|p1a: Blastoise|86/100|[from] item: Leftovers
|upkeep
|turn|12
|
|t:|1633277067
|switch|p1a: Nidoqueen|Nidoqueen, F|100/100
|move|p2a: Roserade|Spikes|p1a: Nidoqueen
|-sidestart|p1: Ark|Spikes
|
|-heal|p2a: Roserade|100/100|[from] item: Black Sludge
|upkeep
|turn|13
|
|t:|1633277073
|move|p1a: Nidoqueen|Trick|p2a: Roserade
|-activate|p1a: Nidoqueen|move: Trick|[of] p2a: Roserade
|-item|p2a: Roserade|Choice Specs|[from] move: Trick
|-item|p1a: Nidoqueen|Black Sludge|[from] move: Trick
|move|p2a: Roserade|Giga Drain|p1a: Nidoqueen
|-damage|p1a: Nidoqueen|0 fnt
|replace|p1a: Zoroark|Zoroark, M
|-end|p1a: Zoroark|Illusion
|faint|p1a: Zoroark
|
|upkeep
|
|t:|1633277087
|switch|p1a: Victini|Victini|81/100
|-damage|p1a: Victini|68/100|[from] Spikes
|turn|14
|
|t:|1633277094
|move|p1a: Victini|Focus Blast|p2a: Roserade
|-resisted|p2a: Roserade
|-damage|p2a: Roserade|74/100
|-damage|p1a: Victini|58/100|[from] item: Life Orb
|move|p2a: Roserade|Giga Drain|p1a: Victini
|-resisted|p1a: Victini
|-damage|p1a: Victini|28/100
|-heal|p2a: Roserade|94/100|[from] drain|[of] p1a: Victini
|
|upkeep
|turn|15
|
|t:|1633277098
|switch|p2a: Umbreon|Umbreon, M|100/100
|move|p1a: Victini|Blue Flare|p2a: Umbreon
|-damage|p2a: Umbreon|59/100
|-damage|p1a: Victini|18/100|[from] item: Life Orb
|
|-heal|p2a: Umbreon|65/100|[from] item: Leftovers
|upkeep
|turn|16
|
|t:|1633277105
|move|p1a: Victini|Focus Blast|p2a: Umbreon
|-supereffective|p2a: Umbreon
|-damage|p2a: Umbreon|21/100
|-damage|p1a: Victini|8/100|[from] item: Life Orb
|move|p2a: Umbreon|Wish|p2a: Umbreon
|
|-heal|p2a: Umbreon|27/100|[from] item: Leftovers
|upkeep
|turn|17
|
|t:|1633277110
|switch|p1a: Blastoise|Blastoise, M|86/100
|-damage|p1a: Blastoise|74/100|[from] Spikes
|move|p2a: Umbreon|Protect||[still]
|-fail|p2a: Umbreon
|
|-heal|p2a: Umbreon|77/100|[from] move: Wish|[wisher] Umbreon
|-heal|p1a: Blastoise|80/100|[from] item: Leftovers
|-heal|p2a: Umbreon|83/100|[from] item: Leftovers
|upkeep
|turn|18
|
|t:|1633277113
|move|p2a: Umbreon|Protect|p2a: Umbreon
|-singleturn|p2a: Umbreon|Protect
|move|p1a: Blastoise|Rapid Spin|p2a: Umbreon
|-activate|p2a: Umbreon|move: Protect
|
|-heal|p1a: Blastoise|86/100|[from] item: Leftovers
|-heal|p2a: Umbreon|89/100|[from] item: Leftovers
|upkeep
|turn|19
|
|t:|1633277117
|switch|p2a: Roserade|Roserade, F|94/100
|move|p1a: Blastoise|Rapid Spin|p2a: Roserade
|-damage|p2a: Roserade|87/100
|-sideend|p1: Ark|Spikes|[from] move: Rapid Spin|[of] p1a: Blastoise
|
|-heal|p1a: Blastoise|92/100|[from] item: Leftovers
|upkeep
|turn|20
|
|t:|1633277126
|switch|p1a: Bronzong|Bronzong|100/100
|move|p2a: Roserade|Giga Drain|p1a: Bronzong
|-resisted|p1a: Bronzong
|-damage|p1a: Bronzong|80/100
|-heal|p2a: Roserade|100/100|[from] drain|[of] p1a: Bronzong
|
|-heal|p1a: Bronzong|86/100|[from] item: Leftovers
|upkeep
|turn|21
|
|t:|1633277131
|switch|p2a: Xatu|Xatu, F|100/100
|switch|p1a: Nidoqueen|Nidoqueen, F|65/100
|
|upkeep
|turn|22
|
|t:|1633277137
|move|p2a: Xatu|Psyshock|p1a: Nidoqueen
|-supereffective|p1a: Nidoqueen
|-damage|p1a: Nidoqueen|7/100
|move|p1a: Nidoqueen|Ice Beam|p2a: Xatu
|-supereffective|p2a: Xatu
|-damage|p2a: Xatu|14/100
|
|upkeep
|turn|23
|
|t:|1633277148
|move|p2a: Xatu|U-turn|p1a: Nidoqueen
|-resisted|p1a: Nidoqueen
|-damage|p1a: Nidoqueen|1/100
|
|t:|1633277153
|switch|p2a: Roserade|Roserade, F|100/100|[from]move: U-turn
|move|p1a: Nidoqueen|Ice Beam|p2a: Roserade
|-supereffective|p2a: Roserade
|-damage|p2a: Roserade|0 fnt
|faint|p2a: Roserade
|
|upkeep
|
|t:|1633277157
|switch|p2a: Xatu|Xatu, F|14/100
|turn|24
|
|t:|1633277168
|switch|p1a: Bronzong|Bronzong|86/100
|move|p2a: Xatu|U-turn|p1a: Bronzong
|-damage|p1a: Bronzong|76/100
|
|t:|1633277173
|switch|p2a: Gligar|Gligar, M|44/100|[from]move: U-turn
|
|-heal|p1a: Bronzong|82/100|[from] item: Leftovers
|upkeep
|turn|25
|
|t:|1633277182
|move|p2a: Gligar|Roost|p2a: Gligar
|-heal|p2a: Gligar|94/100
|-singleturn|p2a: Gligar|move: Roost
|move|p1a: Bronzong|Stealth Rock|p2a: Gligar
|-sidestart|p2: Finchinator|move: Stealth Rock
|
|-heal|p1a: Bronzong|89/100|[from] item: Leftovers
|upkeep
|turn|26
|
|t:|1633277185
|switch|p1a: Nidoqueen|Nidoqueen, F|1/100
|move|p2a: Gligar|Stealth Rock|p1a: Nidoqueen
|-sidestart|p1: Ark|move: Stealth Rock
|
|upkeep
|turn|27
|
|t:|1633277194
|switch|p2a: Xatu|Xatu, F|14/100
|-damage|p2a: Xatu|0 fnt|[from] Stealth Rock
|faint|p2a: Xatu
|move|p1a: Nidoqueen|Toxic Spikes|p2: Xatu
|-sidestart|p2: Finchinator|move: Toxic Spikes
|
|upkeep
|
|t:|1633277199
|switch|p2a: Mienshao|Mienshao, M|100/100
|-damage|p2a: Mienshao|95/100|[from] Stealth Rock
|-status|p2a: Mienshao|psn
|turn|28
|
|t:|1633277206
|move|p2a: Mienshao|U-turn|p1a: Nidoqueen
|-resisted|p1a: Nidoqueen
|-damage|p1a: Nidoqueen|0 fnt
|faint|p1a: Nidoqueen
|
|t:|1633277210
|switch|p2a: Gligar|Gligar, M|94/100|[from]move: U-turn
|-damage|p2a: Gligar|82/100|[from] Stealth Rock
|
|upkeep
|
|t:|1633277212
|switch|p1a: Blastoise|Blastoise, M|92/100
|-damage|p1a: Blastoise|80/100|[from] Stealth Rock
|turn|29
|
|t:|1633277220
|move|p2a: Gligar|U-turn|p1a: Blastoise
|-damage|p1a: Blastoise|71/100
|
|t:|1633277221
|switch|p2a: Umbreon|Umbreon, M|89/100|[from]move: U-turn
|-damage|p2a: Umbreon|77/100|[from] Stealth Rock
|-status|p2a: Umbreon|psn
|move|p1a: Blastoise|Scald|p2a: Umbreon
|-damage|p2a: Umbreon|63/100 psn
|
|-heal|p1a: Blastoise|77/100|[from] item: Leftovers
|-heal|p2a: Umbreon|69/100 psn|[from] item: Leftovers
|-damage|p2a: Umbreon|56/100 psn|[from] psn
|upkeep
|turn|30
|
|t:|1633277225
|move|p1a: Blastoise|Rapid Spin|p2a: Umbreon
|-damage|p2a: Umbreon|54/100 psn
|-sideend|p1: Ark|Stealth Rock|[from] move: Rapid Spin|[of] p1a: Blastoise
|move|p2a: Umbreon|Wish|p2a: Umbreon
|
|-heal|p1a: Blastoise|83/100|[from] item: Leftovers
|-heal|p2a: Umbreon|60/100 psn|[from] item: Leftovers
|-damage|p2a: Umbreon|47/100 psn|[from] psn
|upkeep
|turn|31
|
|t:|1633277231
|move|p2a: Umbreon|Heal Bell|p2a: Umbreon
|-activate|p2a: Umbreon|move: Heal Bell
|-curestatus|p2a: Umbreon|psn|[msg]
|-curestatus|p2: Mienshao|psn|[msg]
|move|p1a: Blastoise|Roar|p2a: Umbreon
|drag|p2a: Gligar|Gligar, M|82/100
|-damage|p2a: Gligar|69/100|[from] Stealth Rock
|
|-heal|p2a: Gligar|100/100|[from] move: Wish|[wisher] Umbreon
|-heal|p1a: Blastoise|89/100|[from] item: Leftovers
|upkeep
|turn|32
|
|t:|1633277240
|move|p2a: Gligar|Earthquake|p1a: Blastoise
|-damage|p1a: Blastoise|70/100
|move|p1a: Blastoise|Scald|p2a: Gligar
|-supereffective|p2a: Gligar
|-damage|p2a: Gligar|51/100
|
|-heal|p1a: Blastoise|76/100|[from] item: Leftovers
|upkeep
|turn|33
|
|t:|1633277245
|move|p2a: Gligar|Earthquake|p1a: Blastoise
|-damage|p1a: Blastoise|58/100
|move|p1a: Blastoise|Scald|p2a: Gligar
|-supereffective|p2a: Gligar
|-damage|p2a: Gligar|6/100
|-status|p2a: Gligar|brn
|
|-heal|p1a: Blastoise|64/100|[from] item: Leftovers
|-damage|p2a: Gligar|0 fnt|[from] brn
|faint|p2a: Gligar
|upkeep
|c|+blarghlfarghl|how did we get here
|
|t:|1633277260
|switch|p2a: Suicune|Suicune|100/100
|-status|p2a: Suicune|psn
|-damage|p2a: Suicune|88/100 psn|[from] Stealth Rock
|-ability|p2a: Suicune|Pressure
|turn|34
|
|t:|1633277264
|move|p2a: Suicune|Scald|p1a: Blastoise
|-resisted|p1a: Blastoise
|-damage|p1a: Blastoise|53/100
|move|p1a: Blastoise|Roar|p2a: Suicune
|drag|p2a: Umbreon|Umbreon, M|47/100
|-status|p2a: Umbreon|psn
|-damage|p2a: Umbreon|35/100 psn|[from] Stealth Rock
|
|-heal|p1a: Blastoise|59/100|[from] item: Leftovers
|-heal|p2a: Umbreon|41/100 psn|[from] item: Leftovers
|-damage|p2a: Umbreon|28/100 psn|[from] psn
|upkeep
|turn|35
|
|t:|1633277268
|move|p2a: Umbreon|Wish|p2a: Umbreon
|move|p1a: Blastoise|Roar|p2a: Umbreon
|drag|p2a: Suicune|Suicune|88/100 psn
|-damage|p2a: Suicune|76/100 psn|[from] Stealth Rock
|-ability|p2a: Suicune|Pressure
|
|-heal|p2a: Suicune|82/100 psn|[from] item: Leftovers
|-heal|p1a: Blastoise|65/100|[from] item: Leftovers
|-damage|p2a: Suicune|70/100 psn|[from] psn
|upkeep
|turn|36
|
|t:|1633277289
|switch|p1a: Victini|Victini|8/100
|move|p2a: Suicune|Scald|p1a: Victini
|-supereffective|p1a: Victini
|-damage|p1a: Victini|0 fnt
|faint|p1a: Victini
|
|-heal|p2a: Suicune|100/100 psn|[from] move: Wish|[wisher] Umbreon
|-damage|p2a: Suicune|88/100 psn|[from] psn
|upkeep
|
|t:|1633277292
|switch|p1a: Mienshao|Mienshao, M|100/100
|turn|37
|
|t:|1633277298
|move|p2a: Suicune|Protect|p2a: Suicune
|-singleturn|p2a: Suicune|Protect
|move|p1a: Mienshao|High Jump Kick|p2a: Suicune
|-activate|p2a: Suicune|move: Protect
|-damage|p1a: Mienshao|51/100|[from] highjumpkick
|
|-heal|p2a: Suicune|94/100 psn|[from] item: Leftovers
|-damage|p2a: Suicune|82/100 psn|[from] psn
|upkeep
|turn|38
|
|t:|1633277304
|move|p1a: Mienshao|High Jump Kick|p2a: Suicune
|-damage|p2a: Suicune|24/100 psn
|move|p2a: Suicune|Scald|p1a: Mienshao
|-damage|p1a: Mienshao|4/100
|-status|p1a: Mienshao|brn
|
|-heal|p2a: Suicune|30/100 psn|[from] item: Leftovers
|-damage|p2a: Suicune|18/100 psn|[from] psn
|-damage|p1a: Mienshao|0 fnt|[from] brn
|faint|p1a: Mienshao
|upkeep
|
|t:|1633277319
|switch|p1a: Blastoise|Blastoise, M|65/100
|turn|39
|
|t:|1633277323
|move|p2a: Suicune|Scald|p1a: Blastoise
|-resisted|p1a: Blastoise
|-damage|p1a: Blastoise|53/100
|move|p1a: Blastoise|Scald|p2a: Suicune
|-resisted|p2a: Suicune
|-damage|p2a: Suicune|8/100 psn
|
|-heal|p2a: Suicune|14/100 psn|[from] item: Leftovers
|-heal|p1a: Blastoise|59/100|[from] item: Leftovers
|-damage|p2a: Suicune|2/100 psn|[from] psn
|upkeep
|turn|40
|
|t:|1633277330
|move|p2a: Suicune|Scald|p1a: Blastoise
|-resisted|p1a: Blastoise
|-damage|p1a: Blastoise|48/100
|move|p1a: Blastoise|Rapid Spin|p2a: Suicune
|-damage|p2a: Suicune|0 fnt
|faint|p2a: Suicune
|
|-heal|p1a: Blastoise|54/100|[from] item: Leftovers
|upkeep
|
|t:|1633277334
|switch|p2a: Mienshao|Mienshao, M|100/100
|-status|p2a: Mienshao|psn
|-damage|p2a: Mienshao|95/100 psn|[from] Stealth Rock
|turn|41
|
|t:|1633277360
|switch|p1a: Bronzong|Bronzong|89/100
|move|p2a: Mienshao|High Jump Kick|p1a: Bronzong
|-crit|p1a: Bronzong
|-damage|p1a: Bronzong|0 fnt
|faint|p1a: Bronzong
|
|-damage|p2a: Mienshao|82/100 psn|[from] psn
|upkeep
|c|☆Ark|f
|inactive|Ark has 270 seconds left.
|
|t:|1633277400
|switch|p1a: Blastoise|Blastoise, M|54/100
|turn|42
|
|t:|1633277404
|move|p2a: Mienshao|High Jump Kick|p1a: Blastoise
|-damage|p1a: Blastoise|9/100
|move|p1a: Blastoise|Scald|p2a: Mienshao
|-damage|p2a: Mienshao|9/100 psn
|
|-heal|p1a: Blastoise|15/100|[from] item: Leftovers
|-damage|p2a: Mienshao|0 fnt|[from] psn
|faint|p2a: Mienshao
|upkeep
|
|t:|1633277407
|switch|p2a: Umbreon|Umbreon, M|28/100 psn
|-damage|p2a: Umbreon|16/100 psn|[from] Stealth Rock
|turn|43
|
|t:|1633277418
|move|p1a: Blastoise|Scald|p2a: Umbreon
|-damage|p2a: Umbreon|0 fnt
|faint|p2a: Umbreon
|
|win|Ark
|c|☆Ark|gg
|c|☆Finchinator|max dmg on rose fucked me
|c|☆Finchinator|bc id tspike soak
|c|☆Finchinator|gg
