|inactive|Battle timer is ON: inactive players will automatically lose when time's up.
|t:|1644176246
|gametype|singles
|player|p1|Ojamazam|psychicf-gen4|
|player|p2|TopLel TopKek|rood|
|teamsize|p1|6
|teamsize|p2|6
|gen|5
|tier|[Gen 5] OU
|rule|Species Clause: Limit one of each Pokémon
|rule|OHKO Clause: OHKO moves are banned
|rule|Moody Clause: Moody is banned
|rule|Evasion Moves Clause: Evasion moves are banned
|rule|Endless Battle Clause: Forcing endless battles is banned
|rule|HP Percentage Mod: HP is shown in percentages
|rule|Evasion Abilities Clause: Evasion abilities are banned
|rule|Sleep Clause: Sleep-inducing moves are banned
|rule|Swagger Clause: Swagger is banned
|clearpoke
|poke|p1|Tyranitar, M|item
|poke|p1|Skarmory, F|item
|poke|p1|Jellicent, F|item
|poke|p1|Volcarona, F|item
|poke|p1|Mamoswine, F|item
|poke|p1|Alakazam, M|item
|poke|p2|Tyranitar, F|item
|poke|p2|Excadrill, M|item
|poke|p2|Magnezone|item
|poke|p2|Milotic, F|item
|poke|p2|Gliscor, F|item
|poke|p2|Celebi|item
|teampreview
|c|☆TopLel TopKek|hf
|c|☆Ojamazam|=
|inactive|TopLel TopKek has 270 seconds left.
|c|☆TopLel TopKek|nalgorium
|inactive|TopLel TopKek has 240 seconds left.
|
|t:|1644176327
|start
|switch|p1a: Skarmory|Skarmory, F, shiny|100/100
|switch|p2a: Tyranocif|Tyranitar, F|100/100
|-weather|Sandstorm|[from] ability: Sand Stream|[of] p2a: Tyranocif
|turn|1
|
|t:|1644176332
|move|p1a: Skarmory|Stealth Rock|p2a: Tyranocif
|-sidestart|p2: TopLel TopKek|move: Stealth Rock
|move|p2a: Tyranocif|Stealth Rock|p1a: Skarmory
|-sidestart|p1: Ojamazam|move: Stealth Rock
|
|-weather|Sandstorm|[upkeep]
|upkeep
|turn|2
|
|t:|1644176337
|switch|p2a: Magnezone|Magnezone|100/100
|-damage|p2a: Magnezone|94/100|[from] Stealth Rock
|move|p1a: Skarmory|Spikes|p2a: Magnezone
|-sidestart|p2: TopLel TopKek|Spikes
|
|-weather|Sandstorm|[upkeep]
|upkeep
|turn|3
|
|t:|1644176341
|move|p2a: Magnezone|Volt Switch|p1a: Skarmory
|-supereffective|p1a: Skarmory
|-crit|p1a: Skarmory
|-ability|p1a: Skarmory|Sturdy
|-damage|p1a: Skarmory|1/100
|-enditem|p1a: Skarmory|Salac Berry|[eat]
|-boost|p1a: Skarmory|spe|1|[from] item: Salac Berry
|
|t:|1644176351
|switch|p2a: Excadrill|Excadrill, M|100/100|[from]move: Volt Switch
|-damage|p2a: Excadrill|97/100|[from] Stealth Rock
|-damage|p2a: Excadrill|85/100|[from] Spikes
|move|p1a: Skarmory|Taunt|p2a: Excadrill
|-start|p2a: Excadrill|move: Taunt
|
|-weather|Sandstorm|[upkeep]
|-heal|p2a: Excadrill|91/100|[from] item: Leftovers
|upkeep
|turn|4
|
|t:|1644176361
|move|p1a: Skarmory|Brave Bird|p2a: Excadrill
|-resisted|p2a: Excadrill
|-damage|p2a: Excadrill|59/100
|-damage|p1a: Skarmory|0 fnt|[from] Recoil
|faint|p1a: Skarmory
|move|p2a: Excadrill|Earthquake|p1: Skarmory|[notarget]
|-fail|p2a: Excadrill
|
|-weather|Sandstorm|[upkeep]
|-heal|p2a: Excadrill|65/100|[from] item: Leftovers
|upkeep
|inactive|Ojamazam has 270 seconds left.
|inactive|Ojamazam has 240 seconds left.
|inactive|Ojamazam has 210 seconds left.
|inactive|Ojamazam has 180 seconds left.
|
|t:|1644176493
|switch|p1a: Ojamazam|Alakazam, M, shiny|100/100
|turn|5
|inactive|TopLel TopKek has 270 seconds left.
|
|t:|1644176542
|switch|p2a: Gliscor|Gliscor, F|100/100
|-damage|p2a: Gliscor|88/100|[from] Stealth Rock
|move|p1a: Ojamazam|Focus Blast|p2a: Gliscor|[miss]
|-miss|p1a: Ojamazam|p2a: Gliscor
|
|-weather|Sandstorm|[upkeep]
|-status|p2a: Gliscor|tox|[from] item: Toxic Orb
|upkeep
|turn|6
|
|t:|1644176548
|move|p2a: Gliscor|Protect|p2a: Gliscor
|-singleturn|p2a: Gliscor|Protect
|move|p1a: Ojamazam|Hidden Power|p2a: Gliscor
|-activate|p2a: Gliscor|move: Protect
|
|-weather|Sandstorm|[upkeep]
|-heal|p2a: Gliscor|100/100 tox|[from] ability: Poison Heal
|upkeep
|turn|7
|
|t:|1644176557
|switch|p2a: Tyranocif|Tyranitar, F|100/100
|-damage|p2a: Tyranocif|88/100|[from] Spikes
|-damage|p2a: Tyranocif|76/100|[from] Stealth Rock
|move|p1a: Ojamazam|Hidden Power|p2a: Tyranocif
|-damage|p2a: Tyranocif|65/100
|
|-weather|Sandstorm|[upkeep]
|upkeep
|turn|8
|inactive|TopLel TopKek has 270 seconds left.
|
|t:|1644176567
|move|p1a: Ojamazam|Focus Blast|p2a: Tyranocif
|-supereffective|p2a: Tyranocif
|-enditem|p2a: Tyranocif|Chople Berry|[eat]
|-enditem|p2a: Tyranocif|Chople Berry|[weaken]
|-damage|p2a: Tyranocif|28/100
|move|p2a: Tyranocif|Crunch|p1a: Ojamazam
|-supereffective|p1a: Ojamazam
|-damage|p1a: Ojamazam|0 fnt
|faint|p1a: Ojamazam
|
|-weather|Sandstorm|[upkeep]
|upkeep
|
|t:|1644176573
|switch|p1a: Mamoswine|Mamoswine, F|100/100
|-damage|p1a: Mamoswine|88/100|[from] Stealth Rock
|turn|9
|inactive|TopLel TopKek has 270 seconds left.
|
|t:|1644176597
|switch|p2a: Gliscor|Gliscor, F|100/100 tox
|-damage|p2a: Gliscor|88/100 tox|[from] Stealth Rock
|move|p1a: Mamoswine|Earthquake|p2a: Gliscor
|-immune|p2a: Gliscor
|
|-weather|Sandstorm|[upkeep]
|-heal|p2a: Gliscor|100/100 tox|[from] ability: Poison Heal
|upkeep
|turn|10
|inactive|TopLel TopKek has 270 seconds left.
|
|t:|1644176608
|move|p2a: Gliscor|Protect|p2a: Gliscor
|-singleturn|p2a: Gliscor|Protect
|move|p1a: Mamoswine|Earthquake|p2a: Gliscor
|-immune|p2a: Gliscor
|
|-weather|Sandstorm|[upkeep]
|upkeep
|turn|11
|
|t:|1644176613
|switch|p2a: Milotic|Milotic, F|100/100
|-damage|p2a: Milotic|88/100|[from] Spikes
|-damage|p2a: Milotic|76/100|[from] Stealth Rock
|move|p1a: Mamoswine|Icicle Crash|p2a: Milotic
|-resisted|p2a: Milotic
|-damage|p2a: Milotic|59/100
|
|-weather|Sandstorm|[upkeep]
|-damage|p2a: Milotic|53/100|[from] Sandstorm
|-heal|p2a: Milotic|59/100|[from] item: Leftovers
|upkeep
|turn|12
|inactive|Ojamazam has 210 seconds left.
|
|t:|1644176648
|switch|p1a: Jellicent|Jellicent, F|100/100
|-damage|p1a: Jellicent|88/100|[from] Stealth Rock
|-item|p1a: Jellicent|Air Balloon
|move|p2a: Milotic|Recover|p2a: Milotic
|-heal|p2a: Milotic|100/100
|
|-weather|Sandstorm|[upkeep]
|-damage|p1a: Jellicent|82/100|[from] Sandstorm
|-damage|p2a: Milotic|94/100|[from] Sandstorm
|-heal|p2a: Milotic|100/100|[from] item: Leftovers
|upkeep
|turn|13
|
|t:|1644176652
|move|p1a: Jellicent|Taunt|p2a: Milotic
|-start|p2a: Milotic|move: Taunt
|cant|p2a: Milotic|move: Taunt|Toxic
|
|-weather|Sandstorm|[upkeep]
|-damage|p1a: Jellicent|76/100|[from] Sandstorm
|-damage|p2a: Milotic|94/100|[from] Sandstorm
|-heal|p2a: Milotic|100/100|[from] item: Leftovers
|upkeep
|turn|14
|
|t:|1644176675
|switch|p2a: Celebi|Celebi|100/100
|-damage|p2a: Celebi|88/100|[from] Spikes
|-damage|p2a: Celebi|76/100|[from] Stealth Rock
|move|p1a: Jellicent|Night Shade|p2a: Celebi
|-damage|p2a: Celebi|51/100
|
|-weather|Sandstorm|[upkeep]
|-damage|p2a: Celebi|45/100|[from] Sandstorm
|-damage|p1a: Jellicent|70/100|[from] Sandstorm
|-heal|p2a: Celebi|51/100|[from] item: Leftovers
|upkeep
|turn|15
|
|t:|1644176684
|switch|p1a: Tyranitar|Tyranitar, M, shiny|100/100
|-damage|p1a: Tyranitar|88/100|[from] Stealth Rock
|move|p2a: Celebi|Recover|p2a: Celebi
|-heal|p2a: Celebi|100/100
|
|-weather|Sandstorm|[upkeep]
|-damage|p2a: Celebi|94/100|[from] Sandstorm
|-heal|p2a: Celebi|100/100|[from] item: Leftovers
|upkeep
|turn|16
|
|t:|1644176690
|switch|p2a: Gliscor|Gliscor, F|100/100 tox
|-damage|p2a: Gliscor|88/100 tox|[from] Stealth Rock
|move|p1a: Tyranitar|Ice Beam|p2a: Gliscor
|-supereffective|p2a: Gliscor
|-damage|p2a: Gliscor|0 fnt
|faint|p2a: Gliscor
|
|-weather|Sandstorm|[upkeep]
|upkeep
|
|t:|1644176696
|switch|p2a: Excadrill|Excadrill, M|65/100
|-damage|p2a: Excadrill|62/100|[from] Stealth Rock
|-damage|p2a: Excadrill|50/100|[from] Spikes
|turn|17
|
|t:|1644176710
|switch|p1a: Jellicent|Jellicent, F|70/100
|-damage|p1a: Jellicent|57/100|[from] Stealth Rock
|-item|p1a: Jellicent|Air Balloon
|move|p2a: Excadrill|Iron Head|p1a: Jellicent
|-resisted|p1a: Jellicent
|-damage|p1a: Jellicent|33/100
|-enditem|p1a: Jellicent|Air Balloon
|
|-weather|Sandstorm|[upkeep]
|-damage|p1a: Jellicent|26/100|[from] Sandstorm
|-heal|p2a: Excadrill|56/100|[from] item: Leftovers
|upkeep
|turn|18
|
|t:|1644176719
|move|p2a: Excadrill|Earthquake|p1a: Jellicent
|-damage|p1a: Jellicent|0 fnt
|faint|p1a: Jellicent
|
|-weather|Sandstorm|[upkeep]
|-heal|p2a: Excadrill|62/100|[from] item: Leftovers
|upkeep
|inactive|Ojamazam has 240 seconds left.
|
|t:|1644176760
|switch|p1a: Volcarona|Volcarona, F|100/100
|-damage|p1a: Volcarona|50/100|[from] Stealth Rock
|-enditem|p1a: Volcarona|Sitrus Berry|[eat]
|-heal|p1a: Volcarona|75/100|[from] item: Sitrus Berry
|turn|19
|
|t:|1644176763
|move|p1a: Volcarona|Fire Blast|p2a: Excadrill
|-supereffective|p2a: Excadrill
|-damage|p2a: Excadrill|0 fnt
|faint|p2a: Excadrill
|
|-weather|Sandstorm|[upkeep]
|-damage|p1a: Volcarona|69/100|[from] Sandstorm
|upkeep
|
|t:|1644176766
|switch|p2a: Milotic|Milotic, F|100/100
|-damage|p2a: Milotic|88/100|[from] Stealth Rock
|-damage|p2a: Milotic|76/100|[from] Spikes
|turn|20
|inactive|Ojamazam has 240 seconds left.
|inactive|Ojamazam has 210 seconds left.
|
|t:|1644176815
|move|p1a: Volcarona|Quiver Dance|p1a: Volcarona
|-boost|p1a: Volcarona|spa|1
|-boost|p1a: Volcarona|spd|1
|-boost|p1a: Volcarona|spe|1
|move|p2a: Milotic|Scald|p1a: Volcarona
|-supereffective|p1a: Volcarona
|-damage|p1a: Volcarona|34/100
|
|-weather|Sandstorm|[upkeep]
|-damage|p1a: Volcarona|28/100|[from] Sandstorm
|-damage|p2a: Milotic|70/100|[from] Sandstorm
|-heal|p2a: Milotic|76/100|[from] item: Leftovers
|upkeep
|turn|21
|
|t:|1644176823
|switch|p2a: Tyranocif|Tyranitar, F|28/100
|-damage|p2a: Tyranocif|15/100|[from] Spikes
|-damage|p2a: Tyranocif|3/100|[from] Stealth Rock
|move|p1a: Volcarona|Bug Buzz|p2a: Tyranocif
|-supereffective|p2a: Tyranocif
|-damage|p2a: Tyranocif|0 fnt
|faint|p2a: Tyranocif
|
|-weather|Sandstorm|[upkeep]
|-damage|p1a: Volcarona|22/100|[from] Sandstorm
|upkeep
|
|t:|1644176833
|switch|p2a: Milotic|Milotic, F|76/100
|-damage|p2a: Milotic|63/100|[from] Stealth Rock
|-damage|p2a: Milotic|51/100|[from] Spikes
|turn|22
|
|t:|1644176836
|move|p1a: Volcarona|Bug Buzz|p2a: Milotic
|-damage|p2a: Milotic|0 fnt
|faint|p2a: Milotic
|
|-weather|Sandstorm|[upkeep]
|-damage|p1a: Volcarona|16/100|[from] Sandstorm
|upkeep
|inactive|TopLel TopKek has 270 seconds left.
|
|t:|1644176877
|switch|p2a: Celebi|Celebi|100/100
|-damage|p2a: Celebi|88/100|[from] Stealth Rock
|-damage|p2a: Celebi|76/100|[from] Spikes
|turn|23
|
|t:|1644176891
|switch|p2a: Magnezone|Magnezone|94/100
|-damage|p2a: Magnezone|88/100|[from] Stealth Rock
|-damage|p2a: Magnezone|76/100|[from] Spikes
|move|p1a: Volcarona|Bug Buzz|p2a: Magnezone
|-resisted|p2a: Magnezone
|-damage|p2a: Magnezone|29/100
|-unboost|p2a: Magnezone|spd|1
|
|-weather|Sandstorm|[upkeep]
|-damage|p1a: Volcarona|10/100|[from] Sandstorm
|upkeep
|turn|24
|
|t:|1644176894
|switch|p2a: Celebi|Celebi|76/100
|-damage|p2a: Celebi|63/100|[from] Stealth Rock
|-damage|p2a: Celebi|51/100|[from] Spikes
|move|p1a: Volcarona|Bug Buzz|p2a: Celebi
|-supereffective|p2a: Celebi
|-damage|p2a: Celebi|0 fnt
|faint|p2a: Celebi
|
|-weather|Sandstorm|[upkeep]
|-damage|p1a: Volcarona|4/100|[from] Sandstorm
|upkeep
|inactive|TopLel TopKek has 270 seconds left.
|c|☆TopLel TopKek|gg
|
|t:|1644176904
|switch|p2a: Magnezone|Magnezone|29/100
|-damage|p2a: Magnezone|23/100|[from] Stealth Rock
|-damage|p2a: Magnezone|10/100|[from] Spikes
|turn|25
|c|☆Ojamazam|gg
|inactive|TopLel TopKek has 270 seconds left.
|
|t:|1644176912
|move|p1a: Volcarona|Bug Buzz|p2a: Magnezone
|-resisted|p2a: Magnezone
|-damage|p2a: Magnezone|0 fnt
|faint|p2a: Magnezone
|
|win|Ojamazam
