|inactive|Battle timer is ON: inactive players will automatically lose when time's up.
|t:|1640018114
|gametype|singles
|player|p1|galarian mienshao|ethan|
|player|p2|Lily|unknownf|
|teamsize|p1|6
|teamsize|p2|6
|gen|5
|tier|[Gen 5] UU
|rule|Species Clause: Limit one of each Pokémon
|rule|OHKO Clause: OHKO moves are banned
|rule|Moody Clause: Moody is banned
|rule|Evasion Moves Clause: Evasion moves are banned
|rule|Endless Battle Clause: Forcing endless battles is banned
|rule|HP Percentage Mod: HP is shown in percentages
|rule|Evasion Abilities Clause: Evasion abilities are banned
|rule|Swagger Clause: Swagger is banned
|rule|Sleep Clause Mod: Limit one foe put to sleep
|clearpoke
|poke|p1|Cresselia, F|item
|poke|p1|Snorlax, M|item
|poke|p1|Raikou|item
|poke|p1|Mienshao, F|item
|poke|p1|Gligar, M|item
|poke|p1|Blastoise, M|item
|poke|p2|Xatu, M|item
|poke|p2|Blastoise, F|item
|poke|p2|Bronzong|item
|poke|p2|Heracross, F|item
|poke|p2|Lampent, F|item
|poke|p2|Hariyama, F|item
|teampreview
|inactive|galarian mienshao has 270 seconds left.
|c|☆Lily|hf
|c|☆galarian mienshao|have fun
|c|☆galarian mienshao|what the fuck
|c|☆galarian mienshao|theyre absurd
|c|☆galarian mienshao|how do i beat
|c|☆galarian mienshao|!dt champent
No Pokémon, item, move, ability or nature named 'champent' was found in Gen 5. Showing the data of 'Lampent' instead.
|raw|<div class="message"><ul class="utilichart"><li class="result"><span class="col numcol">NFE</span> <span class="col iconcol"><psicon pokemon="lampent"/></span> <span class="col pokemonnamecol" style="white-space:nowrap"><a href="https://dex.pokemonshowdown.com/pokemon/lampent" target="_blank">Lampent</a></span> <span class="col typecol"><img src="https://play.pokemonshowdown.com/sprites/types/Ghost.png" alt="Ghost" height="14" width="32"><img src="https://play.pokemonshowdown.com/sprites/types/Fire.png" alt="Fire" height="14" width="32"></span> <span style="float:left;min-height:26px"><span class="col twoabilitycol">Flash Fire<br />Flame Body</span><span class="col abilitycol unreleasedhacol"><em>Shadow Tag</em></span></span><span style="float:left;min-height:26px"><span class="col statcol"><em>HP</em><br />60</span> <span class="col statcol"><em>Atk</em><br />40</span> <span class="col statcol"><em>Def</em><br />60</span> <span class="col statcol"><em>SpA</em><br />95</span> <span class="col statcol"><em>SpD</em><br />60</span> <span class="col statcol"><em>Spe</em><br />55</span> <span class="col bstcol"><em>BST<br />370</em></span> </span></li><li style="clear:both"></li></ul></div>
|raw|<font size="1"><font color="#686868">Dex#:</font> 608&nbsp;|&ThickSpace;<font color="#686868">Gen:</font> 5&nbsp;|&ThickSpace;<font color="#686868">Height:</font> 0.6 m&nbsp;|&ThickSpace;<font color="#686868">Weight:</font> 13 kg <em>(40 BP)</em>&nbsp;|&ThickSpace;<font color="#686868">Dex Colour:</font> Black&nbsp;|&ThickSpace;<font color="#686868">Egg Group(s):</font> Amorphous&nbsp;|&ThickSpace;<font color="#686868">Evolution:</font> Chandelure (Dusk Stone)</font>

|inactive|galarian mienshao has 240 seconds left.
|c|☆Lily|champent.
|c|+Aqua8Jet|is this
|c|+Aqua8Jet|Mr. Beast Offense
|
|t:|1640018180
|start
|switch|p1a: Raikou|Raikou|100/100
|switch|p2a: youtube|Hariyama, F|100/100
|-ability|p1a: Raikou|Pressure
|turn|1
|
|t:|1640018186
|move|p2a: youtube|Fake Out|p1a: Raikou
|-damage|p1a: Raikou|82/100
|cant|p1a: Raikou|flinch
|
|-status|p2a: youtube|tox|[from] item: Toxic Orb
|upkeep
|turn|2
|
|t:|1640018192
|move|p1a: Raikou|Volt Switch|p2a: youtube
|-damage|p2a: youtube|56/100 tox
|c|☆Lily|sick electric resist by me
|c|☆Lily|NGL
|c|☆galarian mienshao|truly
|
|t:|1640018202
|switch|p1a: Blastoise|Blastoise, M|100/100|[from]move: Volt Switch
|move|p2a: youtube|Close Combat|p1a: Blastoise
|-damage|p1a: Blastoise|33/100
|-unboost|p2a: youtube|def|1
|-unboost|p2a: youtube|spd|1
|
|-heal|p1a: Blastoise|39/100|[from] item: Leftovers
|-damage|p2a: youtube|50/100 tox|[from] psn
|upkeep
|turn|3
|
|t:|1640018214
|switch|p2a: to|Blastoise, F|100/100
|move|p1a: Blastoise|Scald|p2a: to
|-resisted|p2a: to
|-damage|p2a: to|90/100
|
|-heal|p1a: Blastoise|45/100|[from] item: Leftovers
|-heal|p2a: to|96/100|[from] item: Leftovers
|upkeep
|turn|4
|
|t:|1640018219
|move|p1a: Blastoise|Scald|p2a: to
|-resisted|p2a: to
|-crit|p2a: to
|-damage|p2a: to|73/100
|move|p2a: to|Hydro Pump|p1a: Blastoise
|-resisted|p1a: Blastoise
|-damage|p1a: Blastoise|21/100
|
|-heal|p1a: Blastoise|27/100|[from] item: Leftovers
|-heal|p2a: to|79/100|[from] item: Leftovers
|upkeep
|turn|5
|
|t:|1640018223
|move|p1a: Blastoise|Scald|p2a: to
|-resisted|p2a: to
|-crit|p2a: to
|-damage|p2a: to|45/100
|move|p2a: to|Hydro Pump|p1a: Blastoise
|-resisted|p1a: Blastoise
|-damage|p1a: Blastoise|2/100
|
|-heal|p1a: Blastoise|9/100|[from] item: Leftovers
|-heal|p2a: to|51/100|[from] item: Leftovers
|upkeep
|turn|6
|
|t:|1640018228
|switch|p1a: Snorlax|Snorlax, M, shiny|100/100
|move|p2a: to|Aqua Jet|p1a: Snorlax
|-damage|p1a: Snorlax|89/100
|
|-heal|p2a: to|57/100|[from] item: Leftovers
|-heal|p1a: Snorlax|95/100|[from] item: Leftovers
|upkeep
|turn|7
|
|t:|1640018232
|move|p1a: Snorlax|Return|p2a: to
|-damage|p2a: to|7/100
|move|p2a: to|Dragon Tail|p1a: Snorlax
|-damage|p1a: Snorlax|82/100
|drag|p1a: Mienshao|Mienshao, F|100/100
|
|-heal|p2a: to|13/100|[from] item: Leftovers
|upkeep
|turn|8
|
|t:|1640018238
|switch|p2a: mr|Bronzong|100/100
|move|p1a: Mienshao|U-turn|p2a: mr
|-damage|p2a: mr|84/100
|
|t:|1640018246
|switch|p1a: Blastoise|Blastoise, M|9/100|[from]move: U-turn
|
|-heal|p1a: Blastoise|15/100|[from] item: Leftovers
|-heal|p2a: mr|90/100|[from] item: Leftovers
|upkeep
|turn|9
|
|t:|1640018248
|move|p1a: Blastoise|Scald|p2a: mr
|-damage|p2a: mr|59/100
|move|p2a: mr|Earthquake|p1a: Blastoise
|-damage|p1a: Blastoise|0 fnt
|faint|p1a: Blastoise
|
|-heal|p2a: mr|66/100|[from] item: Leftovers
|upkeep
|c|+Juno|welcome to mr beast ??? youtube
|
|t:|1640018252
|switch|p1a: Raikou|Raikou|82/100
|-ability|p1a: Raikou|Pressure
|turn|10
|
|t:|1640018257
|move|p1a: Raikou|Thunderbolt|p2a: mr
|-damage|p2a: mr|20/100
|move|p2a: mr|Stealth Rock|p1a: Raikou
|-sidestart|p1: galarian mienshao|move: Stealth Rock
|
|-heal|p2a: mr|26/100|[from] item: Leftovers
|upkeep
|turn|11
|c|+Juno|is my guess
|
|t:|1640018262
|move|p1a: Raikou|Thunderbolt|p2a: mr
|-damage|p2a: mr|0 fnt
|faint|p2a: mr
|
|upkeep
|
|t:|1640018264
|switch|p2a: beast|Heracross, F|100/100
|turn|12
|
|t:|1640018268
|switch|p2a: to|Blastoise, F|13/100
|switch|p1a: Gligar|Gligar, M|100/100
|-damage|p1a: Gligar|88/100|[from] Stealth Rock
|
|-heal|p2a: to|19/100|[from] item: Leftovers
|upkeep
|turn|13
|
|t:|1640018273
|switch|p2a: subscribe|Xatu, M|100/100
|move|p1a: Gligar|Earthquake|p2a: subscribe
|-immune|p2a: subscribe
|
|upkeep
|turn|14
|
|t:|1640018278
|move|p2a: subscribe|Wish|p2a: subscribe
|move|p1a: Gligar|U-turn|p2a: subscribe
|-damage|p2a: subscribe|82/100
|
|t:|1640018280
|switch|p1a: Raikou|Raikou|82/100|[from]move: U-turn
|-damage|p1a: Raikou|69/100|[from] Stealth Rock
|-ability|p1a: Raikou|Pressure
|
|-heal|p2a: subscribe|88/100|[from] item: Leftovers
|upkeep
|turn|15
|
|t:|1640018285
|switch|p2a: beast|Heracross, F|100/100
|move|p1a: Raikou|Thunderbolt|p2a: beast
|-damage|p2a: beast|35/100
|
|-heal|p2a: beast|91/100|[from] move: Wish|[wisher] subscribe
|upkeep
|turn|16
|
|t:|1640018290
|switch|p2a: subscribe|Xatu, M|88/100
|move|p1a: Raikou|Volt Switch|p2a: subscribe
|-supereffective|p2a: subscribe
|-damage|p2a: subscribe|20/100
|c|+Aqua8Jet|welp Juno is wrong
|c|☆Lily|who volts
|
|t:|1640018293
|switch|p1a: Mienshao|Mienshao, F|100/100|[from]move: Volt Switch
|-damage|p1a: Mienshao|95/100|[from] Stealth Rock
|
|-heal|p2a: subscribe|26/100|[from] item: Leftovers
|upkeep
|turn|17
|c|☆Lily|what the fuck
|c|☆galarian mienshao|im genius
|
|t:|1640018299
|move|p2a: subscribe|Protect|p2a: subscribe
|-singleturn|p2a: subscribe|Protect
|move|p1a: Mienshao|High Jump Kick|p2a: subscribe
|-activate|p2a: subscribe|move: Protect
|-damage|p1a: Mienshao|45/100|[from] highjumpkick
|
|-heal|p2a: subscribe|32/100|[from] item: Leftovers
|upkeep
|turn|18
|c|☆galarian mienshao|NO
|c|☆galarian mienshao|SDKGFAds;
|
|t:|1640018308
|switch|p1a: Raikou|Raikou|69/100
|-damage|p1a: Raikou|57/100|[from] Stealth Rock
|-ability|p1a: Raikou|Pressure
|move|p2a: subscribe|Wish|p2a: subscribe
|
|-heal|p2a: subscribe|38/100|[from] item: Leftovers
|upkeep
|turn|19
|
|t:|1640018312
|switch|p2a: beast|Heracross, F|91/100
|move|p1a: Raikou|Thunderbolt|p2a: beast
|-damage|p2a: beast|29/100
|
|-heal|p2a: beast|84/100|[from] move: Wish|[wisher] subscribe
|upkeep
|turn|20
|
|t:|1640018317
|move|p2a: beast|Close Combat|p1a: Raikou
|-damage|p1a: Raikou|0 fnt
|-unboost|p2a: beast|def|1
|-unboost|p2a: beast|spd|1
|faint|p1a: Raikou
|-ability|p2a: beast|Moxie|boost
|-boost|p2a: beast|atk|1
|
|upkeep
|c|☆Lily|?
|c|☆galarian mienshao|u got me
|
|t:|1640018322
|switch|p1a: Gligar|Gligar, M|88/100
|-damage|p1a: Gligar|76/100|[from] Stealth Rock
|turn|21
|
|t:|1640018324
|switch|p2a: subscribe|Xatu, M|38/100
|move|p1a: Gligar|Stealth Rock|p2a: subscribe
|move|p2a: subscribe|Stealth Rock||[from]ability: Magic Bounce|[still]
|-fail|p2a: subscribe
|
|-heal|p2a: subscribe|44/100|[from] item: Leftovers
|upkeep
|turn|22
|
|t:|1640018327
|move|p2a: subscribe|Wish|p2a: subscribe
|move|p1a: Gligar|U-turn|p2a: subscribe
|-damage|p2a: subscribe|26/100
|
|t:|1640018329
|switch|p1a: Cresselia|Cresselia, F|100/100|[from]move: U-turn
|-damage|p1a: Cresselia|88/100|[from] Stealth Rock
|
|-heal|p1a: Cresselia|94/100|[from] item: Leftovers
|-heal|p2a: subscribe|32/100|[from] item: Leftovers
|upkeep
|turn|23
|
|t:|1640018331
|move|p1a: Cresselia|Calm Mind|p1a: Cresselia
|-boost|p1a: Cresselia|spa|1
|-boost|p1a: Cresselia|spd|1
|move|p2a: subscribe|Toxic|p1a: Cresselia
|-status|p1a: Cresselia|tox
|
|-heal|p2a: subscribe|82/100|[from] move: Wish|[wisher] subscribe
|-heal|p1a: Cresselia|99/100 tox|[from] item: Leftovers
|-heal|p2a: subscribe|88/100|[from] item: Leftovers
|-damage|p1a: Cresselia|94/100 tox|[from] psn
|upkeep
|turn|24
|player|p1|
|player|p1|Juno|lyra
|inactive|Juno reconnected and has 295 seconds left.
|player|p1|Juno|lyra
|player|p1|Juno|lyra|
|c|☆Juno|.
|c|☆Lily|?
|c|☆Lily|LOL
|c|☆Juno|wthat the fuck
|c|☆Juno|LOL
|c|+Aqua8Jet|it might be
|c|+Aqua8Jet|Subscribe to Mr. Beast On Youtube
|c|+Aqua8Jet|@Juno
|
|t:|1640018358
|move|p1a: Cresselia|Calm Mind|p1a: Cresselia
|-boost|p1a: Cresselia|spa|1
|-boost|p1a: Cresselia|spd|1
|move|p2a: subscribe|Wish|p2a: subscribe
|
|-heal|p1a: Cresselia|99/100 tox|[from] item: Leftovers
|-heal|p2a: subscribe|94/100|[from] item: Leftovers
|-damage|p1a: Cresselia|88/100 tox|[from] psn
|upkeep
|turn|25
|c|☆Juno|i hate hs
|
|t:|1640018365
|switch|p2a: on|Lampent, F|100/100
|move|p1a: Cresselia|Calm Mind|p1a: Cresselia
|-boost|p1a: Cresselia|spa|1
|-boost|p1a: Cresselia|spd|1
|
|-heal|p1a: Cresselia|94/100 tox|[from] item: Leftovers
|-damage|p1a: Cresselia|76/100 tox|[from] psn
|upkeep
|turn|26
|
|t:|1640018369
|move|p1a: Cresselia|Psyshock|p2a: on
|-damage|p2a: on|0 fnt
|faint|p2a: on
|
|-heal|p1a: Cresselia|82/100 tox|[from] item: Leftovers
|-damage|p1a: Cresselia|58/100 tox|[from] psn
|upkeep
|c|☆Juno|dead
|c|+Aqua8Jet|omg I'm genius
|c|☆Lily|NOOOOOOO LAMPENT
|
|t:|1640018378
|switch|p2a: youtube|Hariyama, F|50/100 tox
|turn|27
|
|t:|1640018384
|switch|p1a: Gligar|Gligar, M|76/100
|-damage|p1a: Gligar|64/100|[from] Stealth Rock
|move|p2a: youtube|Fake Out|p1a: Gligar
|-damage|p1a: Gligar|52/100
|
|-damage|p2a: youtube|44/100 tox|[from] psn
|upkeep
|turn|28
|
|t:|1640018388
|move|p1a: Gligar|Roost|p1a: Gligar
|-heal|p1a: Gligar|100/100
|-singleturn|p1a: Gligar|move: Roost
|move|p2a: youtube|Ice Punch|p1a: Gligar
|-supereffective|p1a: Gligar
|-damage|p1a: Gligar|60/100
|-status|p1a: Gligar|frz
|
|-damage|p2a: youtube|32/100 tox|[from] psn
|upkeep
|turn|29
|c|☆Juno|haxed
|c|☆Juno|ofc...
|c|+galarian mienshao|jades bad
|
|t:|1640018397
|switch|p2a: to|Blastoise, F|19/100
|cant|p1a: Gligar|frz
|
|-heal|p2a: to|25/100|[from] item: Leftovers
|upkeep
|turn|30
|c|☆Juno|?????
|
|t:|1640018400
|switch|p1a: Snorlax|Snorlax, M, shiny|82/100
|-damage|p1a: Snorlax|70/100|[from] Stealth Rock
|move|p2a: to|Hydro Pump|p1a: Snorlax
|-damage|p1a: Snorlax|24/100
|
|-heal|p2a: to|31/100|[from] item: Leftovers
|-heal|p1a: Snorlax|30/100|[from] item: Leftovers
|upkeep
|turn|31
|
|t:|1640018403
|move|p1a: Snorlax|Protect|p1a: Snorlax
|-singleturn|p1a: Snorlax|Protect
|move|p2a: to|Hydro Pump|p1a: Snorlax
|-activate|p1a: Snorlax|move: Protect
|
|-heal|p2a: to|37/100|[from] item: Leftovers
|-heal|p1a: Snorlax|36/100|[from] item: Leftovers
|upkeep
|turn|32
|
|t:|1640018406
|move|p2a: to|Hydro Pump|p1a: Snorlax
|-crit|p1a: Snorlax
|-damage|p1a: Snorlax|0 fnt
|faint|p1a: Snorlax
|
|-heal|p2a: to|43/100|[from] item: Leftovers
|upkeep
|
|t:|1640018408
|switch|p1a: Mienshao|Mienshao, F|78/100
|-damage|p1a: Mienshao|72/100|[from] Stealth Rock
|turn|33
|c|+galarian mienshao|LOL
|
|t:|1640018414
|move|p2a: to|Aqua Jet|p1a: Mienshao
|-damage|p1a: Mienshao|50/100
|move|p1a: Mienshao|High Jump Kick|p2a: to
|-damage|p2a: to|0 fnt
|faint|p2a: to
|
|upkeep
|
|t:|1640018418
|switch|p2a: subscribe|Xatu, M|94/100
|turn|34
|
|t:|1640018422
|switch|p1a: Cresselia|Cresselia, F|58/100 tox
|-damage|p1a: Cresselia|45/100 tox|[from] Stealth Rock
|move|p2a: subscribe|Wish|p2a: subscribe
|
|-heal|p1a: Cresselia|51/100 tox|[from] item: Leftovers
|-heal|p2a: subscribe|99/100|[from] item: Leftovers
|-damage|p1a: Cresselia|45/100 tox|[from] psn
|upkeep
|turn|35
|
|t:|1640018424
|switch|p2a: youtube|Hariyama, F|32/100 tox
|move|p1a: Cresselia|Moonlight|p1a: Cresselia
|-heal|p1a: Cresselia|95/100 tox
|
|-heal|p2a: youtube|66/100 tox|[from] move: Wish|[wisher] subscribe
|-heal|p1a: Cresselia|100/100 tox|[from] item: Leftovers
|-damage|p1a: Cresselia|88/100 tox|[from] psn
|-damage|p2a: youtube|59/100 tox|[from] psn
|upkeep
|turn|36
|
|t:|1640018429
|move|p1a: Cresselia|Psyshock|p2a: youtube
|-supereffective|p2a: youtube
|-damage|p2a: youtube|10/100 tox
|move|p2a: youtube|Ice Punch|p1a: Cresselia
|-damage|p1a: Cresselia|63/100 tox
|
|-heal|p1a: Cresselia|69/100 tox|[from] item: Leftovers
|-damage|p1a: Cresselia|51/100 tox|[from] psn
|-damage|p2a: youtube|0 fnt|[from] psn
|faint|p2a: youtube
|upkeep
|
|t:|1640018434
|switch|p2a: beast|Heracross, F|84/100
|turn|37
|
|t:|1640018437
|switch|p1a: Gligar|Gligar, M|60/100 frz
|-damage|p1a: Gligar|48/100 frz|[from] Stealth Rock
|move|p2a: beast|Megahorn|p1a: Gligar
|-resisted|p1a: Gligar
|-damage|p1a: Gligar|31/100 frz
|
|upkeep
|turn|38
|
|t:|1640018439
|move|p2a: beast|Megahorn|p1a: Gligar|[miss]
|-miss|p2a: beast|p1a: Gligar
|cant|p1a: Gligar|frz
|
|upkeep
|turn|39
|c|☆Juno|unfreeze
|
|t:|1640018441
|move|p2a: beast|Megahorn|p1a: Gligar
|-resisted|p1a: Gligar
|-damage|p1a: Gligar|15/100 frz
|cant|p1a: Gligar|frz
|
|upkeep
|turn|40
|
|t:|1640018443
|move|p2a: beast|Megahorn|p1a: Gligar
|-resisted|p1a: Gligar
|-damage|p1a: Gligar|0 fnt
|faint|p1a: Gligar
|-ability|p2a: beast|Moxie|boost
|-boost|p2a: beast|atk|1
|
|upkeep
|
|t:|1640018444
|switch|p1a: Mienshao|Mienshao, F|83/100
|-damage|p1a: Mienshao|77/100|[from] Stealth Rock
|turn|41
|c|☆Juno|naurrr
|
|t:|1640018451
|move|p1a: Mienshao|Stone Edge|p2a: beast
|-damage|p2a: beast|39/100
|move|p2a: beast|Megahorn|p1a: Mienshao
|-resisted|p1a: Mienshao
|-damage|p1a: Mienshao|0 fnt
|faint|p1a: Mienshao
|-ability|p2a: beast|Moxie|boost
|-boost|p2a: beast|atk|1
|
|upkeep
|c|☆Juno|GG
|-message|Juno forfeited.
|
|win|Lily
|c|☆Lily|gg
