|inactive|Battle timer is ON: inactive players will automatically lose when time's up.
|t:|1642791434
|gametype|singles
|player|p1|Togkey|firebreather-gen2|
|player|p2|Lily|#lily|
|teamsize|p1|6
|teamsize|p2|6
|gen|5
|tier|[Gen 5] NU
|rule|Species Clause: Limit one of each Pokémon
|rule|OHKO Clause: OHKO moves are banned
|rule|Moody Clause: Moody is banned
|rule|Evasion Moves Clause: Evasion moves are banned
|rule|Endless Battle Clause: Forcing endless battles is banned
|rule|HP Percentage Mod: HP is shown in percentages
|rule|Evasion Abilities Clause: Evasion abilities are banned
|rule|Swagger Clause: Swagger is banned
|rule|Baton Pass Clause: Limit one Baton Passer, can't pass Spe and other stats simultaneously
|rule|Sleep Clause Mod: Limit one foe put to sleep
|clearpoke
|poke|p1|Piloswine, F|item
|poke|p1|Drifblim, M|item
|poke|p1|Serperior, F|item
|poke|p1|Eelektross, F|item
|poke|p1|Alomomola, M|item
|poke|p1|Mandibuzz, F|item
|poke|p2|Cradily, M|item
|poke|p2|Piloswine, F|item
|poke|p2|Roselia, M|item
|poke|p2|Duosion, F|item
|poke|p2|Charizard, F|item
|poke|p2|Kadabra, M|item
|teampreview
|inactive|Togkey disconnected and has 300 seconds to reconnect!
|player|p1|
|inactive|Togkey reconnected and has 295 seconds left.
|player|p1|Togkey|firebreather-gen2
|c|+ALlCE|bw nuburr omg..
|c|☆Lily|hf
|c|+ALlCE|dude
|c|☆Lily|wtf
|inactive|Lily has 270 seconds left.
|c|☆Togkey|u2 fam
|c|+ALlCE|duosion kadabra
|c|☆Lily|i didnt even know the eel was in this tier 
|c|+ALlCE|this is literally just 
|inactive|Togkey has 270 seconds left.
|c|+ALlCE|nfe bw ou
|c|+ALlCE|LMAO
|c|+Phantomistix|vamos tog
|c|+rabia.|i will be rooting for togkey in this game
|c|+omicorio|god piloswine
|inactive|Lily has 240 seconds left.
|c|+omicorio|go lil
|inactive|Lily has 210 seconds left.
|
|t:|1642791525
|start
|switch|p1a: SARA|Piloswine, F|100/100
|switch|p2a: Fine Line|Charizard, F|100/100
|turn|1
|
|t:|1642791533
|move|p2a: Fine Line|Focus Blast|p1a: SARA|[miss]
|-miss|p2a: Fine Line|p1a: SARA
|move|p1a: SARA|Rock Slide|p2a: Fine Line
|-supereffective|p2a: Fine Line
|-damage|p2a: Fine Line|0 fnt
|faint|p2a: Fine Line
|
|upkeep
|c|☆Togkey|sry
|inactive|Lily has 270 seconds left.
|c|☆Togkey|that sucks
|inactive|Lily has 240 seconds left.
|inactive|Lily has 210 seconds left.
|
|t:|1642791609
|switch|p2a: Canyon Moon|Piloswine, F|100/100
|turn|2
|
|t:|1642791611
|move|p1a: SARA|Stealth Rock|p2a: Canyon Moon
|-sidestart|p2: Lily|move: Stealth Rock
|move|p2a: Canyon Moon|Stealth Rock|p1a: SARA
|-sidestart|p1: Togkey|move: Stealth Rock
|
|upkeep
|turn|3
|
|t:|1642791613
|move|p1a: SARA|Earthquake|p2a: Canyon Moon
|-damage|p2a: Canyon Moon|66/100
|move|p2a: Canyon Moon|Earthquake|p1a: SARA
|-damage|p1a: SARA|76/100
|
|upkeep
|turn|4
|
|t:|1642791616
|switch|p1a: OUT OF THE BLUE|Eelektross, F|100/100
|-damage|p1a: OUT OF THE BLUE|88/100|[from] Stealth Rock
|move|p2a: Canyon Moon|Earthquake|p1a: OUT OF THE BLUE
|-immune|p1a: OUT OF THE BLUE|[from] ability: Levitate
|
|-heal|p1a: OUT OF THE BLUE|94/100|[from] item: Leftovers
|upkeep
|turn|5
|
|t:|1642791619
|switch|p2a: To Be So Lonely|Cradily, M|100/100
|-damage|p2a: To Be So Lonely|88/100|[from] Stealth Rock
|move|p1a: OUT OF THE BLUE|Giga Drain|p2a: To Be So Lonely
|-damage|p2a: To Be So Lonely|73/100
|-heal|p1a: OUT OF THE BLUE|100/100|[from] drain|[of] p2a: To Be So Lonely
|
|-heal|p2a: To Be So Lonely|79/100|[from] item: Leftovers
|upkeep
|turn|6
|
|t:|1642791623
|move|p1a: OUT OF THE BLUE|U-turn|p2a: To Be So Lonely
|-supereffective|p2a: To Be So Lonely
|-damage|p2a: To Be So Lonely|50/100
|
|t:|1642791626
|switch|p1a: PURE HEROINE|Serperior, F|100/100|[from]move: U-turn
|-damage|p1a: PURE HEROINE|88/100|[from] Stealth Rock
|move|p2a: To Be So Lonely|Curse|p2a: To Be So Lonely
|-unboost|p2a: To Be So Lonely|spe|1
|-boost|p2a: To Be So Lonely|atk|1
|-boost|p2a: To Be So Lonely|def|1
|
|-heal|p2a: To Be So Lonely|56/100|[from] item: Leftovers
|upkeep
|turn|7
|
|t:|1642791630
|move|p1a: PURE HEROINE|Calm Mind|p1a: PURE HEROINE
|-boost|p1a: PURE HEROINE|spa|1
|-boost|p1a: PURE HEROINE|spd|1
|move|p2a: To Be So Lonely|Rock Slide|p1a: PURE HEROINE
|-damage|p1a: PURE HEROINE|47/100
|
|-heal|p2a: To Be So Lonely|62/100|[from] item: Leftovers
|upkeep
|turn|8
|
|t:|1642791634
|move|p1a: PURE HEROINE|Giga Drain|p2a: To Be So Lonely
|-damage|p2a: To Be So Lonely|26/100
|-heal|p1a: PURE HEROINE|70/100|[from] drain|[of] p2a: To Be So Lonely
|-damage|p1a: PURE HEROINE|60/100|[from] item: Life Orb
|move|p2a: To Be So Lonely|Rest|p2a: To Be So Lonely
|-status|p2a: To Be So Lonely|slp|[from] move: Rest
|-heal|p2a: To Be So Lonely|100/100 slp|[silent]
|
|upkeep
|turn|9
|
|t:|1642791638
|switch|p2a: Falling|Roselia, M|100/100
|-damage|p2a: Falling|88/100|[from] Stealth Rock
|move|p1a: PURE HEROINE|Calm Mind|p1a: PURE HEROINE
|-boost|p1a: PURE HEROINE|spa|1
|-boost|p1a: PURE HEROINE|spd|1
|
|upkeep
|turn|10
|
|t:|1642791641
|move|p1a: PURE HEROINE|Hidden Power|p2a: Falling
|-damage|p2a: Falling|56/100
|-damage|p1a: PURE HEROINE|50/100|[from] item: Life Orb
|move|p2a: Falling|Sludge Bomb|p1a: PURE HEROINE
|-supereffective|p1a: PURE HEROINE
|-damage|p1a: PURE HEROINE|8/100
|-status|p1a: PURE HEROINE|psn
|
|-damage|p1a: PURE HEROINE|0 fnt|[from] psn
|faint|p1a: PURE HEROINE
|upkeep
|
|t:|1642791644
|switch|p1a: 99 LUFTBALLONS|Drifblim, M|100/100
|-damage|p1a: 99 LUFTBALLONS|76/100|[from] Stealth Rock
|turn|11
|
|t:|1642791650
|switch|p2a: Canyon Moon|Piloswine, F|66/100
|-damage|p2a: Canyon Moon|54/100|[from] Stealth Rock
|move|p1a: 99 LUFTBALLONS|Substitute|p1a: 99 LUFTBALLONS
|-start|p1a: 99 LUFTBALLONS|Substitute
|-damage|p1a: 99 LUFTBALLONS|51/100
|
|upkeep
|turn|12
|
|t:|1642791652
|move|p2a: Canyon Moon|Ice Shard|p1a: 99 LUFTBALLONS
|-supereffective|p1a: 99 LUFTBALLONS
|-end|p1a: 99 LUFTBALLONS|Substitute
|move|p1a: 99 LUFTBALLONS|Shadow Ball|p2a: Canyon Moon
|-enditem|p1a: 99 LUFTBALLONS|Ghost Gem|[from] gem
|-crit|p2a: Canyon Moon
|-damage|p2a: Canyon Moon|0 fnt
|faint|p2a: Canyon Moon
|
|upkeep
|c|☆Lily|man
|inactive|Lily has 270 seconds left.
|inactive|Lily has 240 seconds left.
|inactive|Lily has 210 seconds left.
|
|t:|1642791751
|switch|p2a: To Be So Lonely|Cradily, M|100/100 slp
|-damage|p2a: To Be So Lonely|88/100 slp|[from] Stealth Rock
|turn|13
|
|t:|1642791765
|move|p1a: 99 LUFTBALLONS|Calm Mind|p1a: 99 LUFTBALLONS
|-boost|p1a: 99 LUFTBALLONS|spa|1
|-boost|p1a: 99 LUFTBALLONS|spd|1
|cant|p2a: To Be So Lonely|slp
|move|p2a: To Be So Lonely|Sleep Talk|p2a: To Be So Lonely
|move|p2a: To Be So Lonely|Rock Slide|p1a: 99 LUFTBALLONS|[from]move: Sleep Talk
|-supereffective|p1a: 99 LUFTBALLONS
|-damage|p1a: 99 LUFTBALLONS|0 fnt
|faint|p1a: 99 LUFTBALLONS
|
|-heal|p2a: To Be So Lonely|94/100 slp|[from] item: Leftovers
|upkeep
|
|t:|1642791770
|switch|p1a: OUT OF THE BLUE|Eelektross, F|100/100
|-damage|p1a: OUT OF THE BLUE|88/100|[from] Stealth Rock
|turn|14
|
|t:|1642791773
|move|p1a: OUT OF THE BLUE|Flamethrower|p2a: To Be So Lonely
|-damage|p2a: To Be So Lonely|77/100 slp
|cant|p2a: To Be So Lonely|slp
|move|p2a: To Be So Lonely|Sleep Talk|p2a: To Be So Lonely
|move|p2a: To Be So Lonely|Curse|p2a: To Be So Lonely|[from]move: Sleep Talk
|-unboost|p2a: To Be So Lonely|spe|1
|-boost|p2a: To Be So Lonely|atk|1
|-boost|p2a: To Be So Lonely|def|1
|
|-heal|p1a: OUT OF THE BLUE|94/100|[from] item: Leftovers
|-heal|p2a: To Be So Lonely|83/100 slp|[from] item: Leftovers
|upkeep
|turn|15
|
|t:|1642791781
|move|p1a: OUT OF THE BLUE|U-turn|p2a: To Be So Lonely
|-supereffective|p2a: To Be So Lonely
|-damage|p2a: To Be So Lonely|64/100 slp
|
|t:|1642791783
|switch|p1a: CULTURE|Mandibuzz, F|100/100|[from]move: U-turn
|-damage|p1a: CULTURE|76/100|[from] Stealth Rock
|-curestatus|p2a: To Be So Lonely|slp|[msg]
|move|p2a: To Be So Lonely|Curse|p2a: To Be So Lonely
|-unboost|p2a: To Be So Lonely|spe|1
|-boost|p2a: To Be So Lonely|atk|1
|-boost|p2a: To Be So Lonely|def|1
|
|-heal|p1a: CULTURE|82/100|[from] item: Leftovers
|-heal|p2a: To Be So Lonely|70/100|[from] item: Leftovers
|upkeep
|turn|16
|
|t:|1642791785
|move|p1a: CULTURE|Toxic|p2a: To Be So Lonely
|-status|p2a: To Be So Lonely|tox
|move|p2a: To Be So Lonely|Rock Slide|p1a: CULTURE|[miss]
|-miss|p2a: To Be So Lonely|p1a: CULTURE
|
|-heal|p1a: CULTURE|88/100|[from] item: Leftovers
|-heal|p2a: To Be So Lonely|76/100 tox|[from] item: Leftovers
|-damage|p2a: To Be So Lonely|70/100 tox|[from] psn
|upkeep
|turn|17
|
|t:|1642791788
|move|p1a: CULTURE|Roost|p1a: CULTURE
|-heal|p1a: CULTURE|100/100
|-singleturn|p1a: CULTURE|move: Roost
|move|p2a: To Be So Lonely|Rock Slide|p1a: CULTURE|[miss]
|-miss|p2a: To Be So Lonely|p1a: CULTURE
|
|-heal|p2a: To Be So Lonely|76/100 tox|[from] item: Leftovers
|-damage|p2a: To Be So Lonely|64/100 tox|[from] psn
|upkeep
|turn|18
|
|t:|1642791790
|move|p1a: CULTURE|Taunt|p2a: To Be So Lonely
|-start|p2a: To Be So Lonely|move: Taunt
|cant|p2a: To Be So Lonely|move: Taunt|Rest
|
|-heal|p2a: To Be So Lonely|70/100 tox|[from] item: Leftovers
|-damage|p2a: To Be So Lonely|52/100 tox|[from] psn
|upkeep
|turn|19
|
|t:|1642791794
|move|p1a: CULTURE|Roost||[still]
|-fail|p1a: CULTURE|heal
|move|p2a: To Be So Lonely|Rock Slide|p1a: CULTURE
|-supereffective|p1a: CULTURE
|-damage|p1a: CULTURE|46/100
|
|-heal|p1a: CULTURE|52/100|[from] item: Leftovers
|-heal|p2a: To Be So Lonely|58/100 tox|[from] item: Leftovers
|-damage|p2a: To Be So Lonely|33/100 tox|[from] psn
|upkeep
|turn|20
|
|t:|1642791797
|switch|p2a: Only Angel|Kadabra, M|100/100
|move|p1a: CULTURE|Roost|p1a: CULTURE
|-heal|p1a: CULTURE|100/100
|-singleturn|p1a: CULTURE|move: Roost
|
|upkeep
|turn|21
|
|t:|1642791799
|move|p2a: Only Angel|Encore|p1a: CULTURE
|-start|p1a: CULTURE|Encore
|move|p1a: CULTURE|Roost||[still]
|-fail|p1a: CULTURE|heal
|
|upkeep
|turn|22
|
|t:|1642791810
|switch|p2a: Falling|Roselia, M|56/100
|-damage|p2a: Falling|43/100|[from] Stealth Rock
|switch|p1a: SARA|Piloswine, F|76/100
|-damage|p1a: SARA|64/100|[from] Stealth Rock
|
|upkeep
|turn|23
|
|t:|1642791815
|move|p1a: SARA|Ice Shard|p2a: Falling
|-supereffective|p2a: Falling
|-damage|p2a: Falling|0 fnt
|faint|p2a: Falling
|
|upkeep
|
|t:|1642791818
|switch|p2a: Lights Up|Duosion, F|100/100
|turn|24
|
|t:|1642791821
|move|p1a: SARA|Earthquake|p2a: Lights Up
|-damage|p2a: Lights Up|65/100
|move|p2a: Lights Up|Calm Mind|p2a: Lights Up
|-boost|p2a: Lights Up|spa|1
|-boost|p2a: Lights Up|spd|1
|
|upkeep
|turn|25
|
|t:|1642791823
|move|p1a: SARA|Earthquake|p2a: Lights Up
|-damage|p2a: Lights Up|33/100
|move|p2a: Lights Up|Recover|p2a: Lights Up
|-heal|p2a: Lights Up|83/100
|
|upkeep
|turn|26
|
|t:|1642791825
|switch|p1a: CULTURE|Mandibuzz, F|100/100
|-damage|p1a: CULTURE|76/100|[from] Stealth Rock
|move|p2a: Lights Up|Recover|p2a: Lights Up
|-heal|p2a: Lights Up|100/100
|
|-heal|p1a: CULTURE|82/100|[from] item: Leftovers
|upkeep
|turn|27
|
|t:|1642791827
|move|p1a: CULTURE|Taunt|p2a: Lights Up
|-start|p2a: Lights Up|move: Taunt
|move|p2a: Lights Up|Hidden Power|p1a: CULTURE
|-crit|p1a: CULTURE
|-damage|p1a: CULTURE|35/100
|
|-heal|p1a: CULTURE|41/100|[from] item: Leftovers
|upkeep
|turn|28
|
|t:|1642791830
|move|p1a: CULTURE|Foul Play|p2a: Lights Up
|-supereffective|p2a: Lights Up
|-damage|p2a: Lights Up|84/100
|move|p2a: Lights Up|Hidden Power|p1a: CULTURE
|-damage|p1a: CULTURE|18/100
|
|-heal|p1a: CULTURE|24/100|[from] item: Leftovers
|upkeep
|turn|29
|
|t:|1642791832
|move|p1a: CULTURE|Roost|p1a: CULTURE
|-heal|p1a: CULTURE|74/100
|-singleturn|p1a: CULTURE|move: Roost
|move|p2a: Lights Up|Hidden Power|p1a: CULTURE
|-supereffective|p1a: CULTURE
|-damage|p1a: CULTURE|23/100
|
|-heal|p1a: CULTURE|29/100|[from] item: Leftovers
|-end|p2a: Lights Up|move: Taunt
|upkeep
|turn|30
|
|t:|1642791837
|move|p1a: CULTURE|Foul Play|p2a: Lights Up
|-supereffective|p2a: Lights Up
|-damage|p2a: Lights Up|66/100
|move|p2a: Lights Up|Hidden Power|p1a: CULTURE
|-damage|p1a: CULTURE|6/100
|
|-heal|p1a: CULTURE|12/100|[from] item: Leftovers
|upkeep
|turn|31
|
|t:|1642791840
|move|p1a: CULTURE|Taunt|p2a: Lights Up
|-start|p2a: Lights Up|move: Taunt
|move|p2a: Lights Up|Hidden Power|p1a: CULTURE
|-damage|p1a: CULTURE|0 fnt
|faint|p1a: CULTURE
|
|upkeep
|
|t:|1642791843
|switch|p1a: OUT OF THE BLUE|Eelektross, F|94/100
|-damage|p1a: OUT OF THE BLUE|82/100|[from] Stealth Rock
|turn|32
|
|t:|1642791847
|switch|p2a: To Be So Lonely|Cradily, M|33/100 tox
|-damage|p2a: To Be So Lonely|21/100 tox|[from] Stealth Rock
|move|p1a: OUT OF THE BLUE|U-turn|p2a: To Be So Lonely
|-supereffective|p2a: To Be So Lonely
|-damage|p2a: To Be So Lonely|0 fnt
|faint|p2a: To Be So Lonely
|
|t:|1642791853
|switch|p1a: SARA|Piloswine, F|64/100|[from]move: U-turn
|-damage|p1a: SARA|52/100|[from] Stealth Rock
|
|upkeep
|
|t:|1642791873
|switch|p2a: Lights Up|Duosion, F|66/100
|turn|33
|
|t:|1642791875
|move|p1a: SARA|Rock Slide|p2a: Lights Up
|-crit|p2a: Lights Up
|-damage|p2a: Lights Up|32/100
|cant|p2a: Lights Up|flinch
|
|upkeep
|turn|34
|c|☆Lily|dude
|
|t:|1642791885
|move|p1a: SARA|Earthquake|p2a: Lights Up
|-damage|p2a: Lights Up|0 fnt
|faint|p2a: Lights Up
|
|upkeep
|c|☆Togkey|yea no comment
|c|☆Togkey|this was super scuffed
|c|☆Lily|youve gotta be kidding
|c|☆Togkey|im sorry
|
|t:|1642791891
|switch|p2a: Only Angel|Kadabra, M|100/100
|turn|35
|
|t:|1642791899
|move|p1a: SARA|Ice Shard|p2a: Only Angel
|-damage|p2a: Only Angel|23/100
|move|p2a: Only Angel|Psychic|p1a: SARA
|-damage|p1a: SARA|17/100
|
|upkeep
|turn|36
|
|t:|1642791902
|move|p1a: SARA|Ice Shard|p2a: Only Angel
|-damage|p2a: Only Angel|0 fnt
|faint|p2a: Only Angel
|
|win|Togkey
