|inactive|Battle timer is ON: inactive players will automatically lose when time's up.
|t:|1639314474
|gametype|singles
|player|p1|Trade|101|
|player|p2|Raiden Shadow|lass-gen4dp|
|teamsize|p1|6
|teamsize|p2|6
|gen|5
|tier|[Gen 5] LC
|rule|Species Clause: Limit one of each Pokémon
|rule|OHKO Clause: OHKO moves are banned
|rule|Moody Clause: Moody is banned
|rule|Evasion Moves Clause: Evasion moves are banned
|rule|Endless Battle Clause: Forcing endless battles is banned
|rule|HP Percentage Mod: HP is shown in percentages
|rule|Sleep Clause: Sleep-inducing moves are banned
|clearpoke
|poke|p1|Gastly, L5, M|item
|poke|p1|Mienfoo, L5, M|item
|poke|p1|Vullaby, L5, F|item
|poke|p1|Porygon, L5|item
|poke|p1|Ferroseed, L5, F|item
|poke|p1|Diglett, L5, M|item
|poke|p2|Clamperl, L5, F|item
|poke|p2|Mienfoo, L5, M|item
|poke|p2|Diglett, L5, F|item
|poke|p2|Wynaut, L5, M|item
|poke|p2|Staryu, L5|item
|poke|p2|Abra, L5, M|item
|teampreview
|c|☆Raiden Shadow|gl
|c|☆Trade|gl
|inactive|Trade has 270 seconds left.
|inactive|Raiden Shadow has 270 seconds left.
|
|t:|1639314521
|start
|switch|p1a: Gastly|Gastly, L5, M|100/100
|switch|p2a: Staryu|Staryu, L5|100/100
|turn|1
|
|t:|1639314538
|switch|p1a: Ferroseed|Ferroseed, L5, F|100/100
|move|p2a: Staryu|Thunder Wave|p1a: Ferroseed
|-status|p1a: Ferroseed|par
|
|upkeep
|turn|2
|
|t:|1639314552
|switch|p2a: Wynaut|Wynaut, L5, M|100/100
|move|p1a: Ferroseed|Leech Seed|p2a: Wynaut
|-start|p2a: Wynaut|move: Leech Seed
|
|-damage|p2a: Wynaut|89/100|[from] Leech Seed|[of] p1a: Ferroseed
|upkeep
|turn|3
|
|t:|1639314572
|move|p2a: Wynaut|Tickle|p1a: Ferroseed
|-unboost|p1a: Ferroseed|atk|1
|-unboost|p1a: Ferroseed|def|1
|move|p1a: Ferroseed|Leech Seed||[still]
|-fail|p1a: Ferroseed
|
|-damage|p2a: Wynaut|78/100|[from] Leech Seed|[of] p1a: Ferroseed
|upkeep
|turn|4
|
|t:|1639314582
|move|p2a: Wynaut|Tickle|p1a: Ferroseed
|-unboost|p1a: Ferroseed|atk|1
|-unboost|p1a: Ferroseed|def|1
|move|p1a: Ferroseed|Spikes|p2a: Wynaut
|-sidestart|p2: Raiden Shadow|Spikes
|
|-damage|p2a: Wynaut|67/100|[from] Leech Seed|[of] p1a: Ferroseed
|upkeep
|turn|5
|
|t:|1639314589
|move|p2a: Wynaut|Encore|p1a: Ferroseed
|-start|p1a: Ferroseed|Encore
|cant|p1a: Ferroseed|par
|
|-damage|p2a: Wynaut|56/100|[from] Leech Seed|[of] p1a: Ferroseed
|upkeep
|turn|6
|
|t:|1639314592
|switch|p2a: Diglett|Diglett, L5, F|100/100
|-damage|p2a: Diglett|89/100|[from] Spikes
|move|p1a: Ferroseed|Spikes|p2a: Diglett
|-sidestart|p2: Raiden Shadow|Spikes
|
|upkeep
|turn|7
|
|t:|1639314599
|move|p2a: Diglett|Earthquake|p1a: Ferroseed
|-damage|p1a: Ferroseed|44/100 par
|move|p1a: Ferroseed|Spikes|p2a: Diglett
|-sidestart|p2: Raiden Shadow|Spikes
|
|-end|p1a: Ferroseed|Encore
|upkeep
|turn|8
|
|t:|1639314604
|move|p1a: Ferroseed|Protect|p1a: Ferroseed
|-singleturn|p1a: Ferroseed|Protect
|move|p2a: Diglett|Earthquake|p1a: Ferroseed
|-activate|p1a: Ferroseed|move: Protect
|
|upkeep
|turn|9
|
|t:|1639314607
|move|p2a: Diglett|Earthquake|p1a: Ferroseed
|-crit|p1a: Ferroseed
|-damage|p1a: Ferroseed|0 fnt
|faint|p1a: Ferroseed
|
|upkeep
|
|t:|1639314613
|switch|p1a: Porygon|Porygon, L5|100/100
|-ability|p1a: Porygon|Arena Trap|[from] ability: Trace|[of] p2a: Diglett
|turn|10
|
|t:|1639314620
|move|p1a: Porygon|Tri Attack|p2a: Diglett
|-damage|p2a: Diglett|34/100
|move|p2a: Diglett|Stealth Rock|p1a: Porygon
|-sidestart|p1: Trade|move: Stealth Rock
|
|upkeep
|turn|11
|
|t:|1639314630
|move|p1a: Porygon|Tri Attack|p2a: Diglett
|-damage|p2a: Diglett|0 fnt
|faint|p2a: Diglett
|
|upkeep
|inactive|Raiden Shadow has 270 seconds left.
|
|t:|1639314676
|switch|p2a: Staryu|Staryu, L5|100/100
|-damage|p2a: Staryu|77/100|[from] Spikes
|turn|12
|
|t:|1639314678
|move|p1a: Porygon|Tri Attack|p2a: Staryu
|-damage|p2a: Staryu|34/100
|move|p2a: Staryu|Thunder Wave|p1a: Porygon
|-status|p1a: Porygon|par
|
|upkeep
|turn|13
|inactive|Raiden Shadow has 270 seconds left.
|
|t:|1639314685
|switch|p1a: Gastly|Gastly, L5, M|100/100
|-damage|p1a: Gastly|90/100|[from] Stealth Rock
|move|p2a: Staryu|Recover|p2a: Staryu
|-heal|p2a: Staryu|86/100
|
|-heal|p1a: Gastly|95/100|[from] item: Black Sludge
|upkeep
|turn|14
|inactive|Raiden Shadow has 270 seconds left.
|
|t:|1639314708
|move|p2a: Staryu|Scald|p1a: Gastly
|-damage|p1a: Gastly|30/100
|move|p1a: Gastly|Substitute|p1a: Gastly
|-start|p1a: Gastly|Substitute
|-damage|p1a: Gastly|5/100
|
|-heal|p1a: Gastly|10/100|[from] item: Black Sludge
|upkeep
|turn|15
|inactive|Raiden Shadow has 270 seconds left.
|
|t:|1639314714
|move|p2a: Staryu|Scald|p1a: Gastly
|-end|p1a: Gastly|Substitute
|move|p1a: Gastly|Trick|p2a: Staryu
|-activate|p1a: Gastly|move: Trick|[of] p2a: Staryu
|-item|p2a: Staryu|Black Sludge|[from] move: Trick
|-item|p1a: Gastly|Eviolite|[from] move: Trick
|
|-damage|p2a: Staryu|77/100|[from] item: Black Sludge
|upkeep
|turn|16
|
|t:|1639314718
|move|p2a: Staryu|Scald|p1a: Gastly
|-damage|p1a: Gastly|0 fnt
|faint|p1a: Gastly
|
|-damage|p2a: Staryu|67/100|[from] item: Black Sludge
|upkeep
|
|t:|1639314721
|switch|p1a: Diglett|Diglett, L5, M|100/100
|-damage|p1a: Diglett|95/100|[from] Stealth Rock
|turn|17
|
|t:|1639314732
|move|p1a: Diglett|Earthquake|p2a: Staryu
|-damage|p2a: Staryu|0 fnt
|faint|p2a: Staryu
|-damage|p1a: Diglett|89/100|[from] item: Life Orb
|
|upkeep
|
|t:|1639314750
|switch|p2a: Mienfoo|Mienfoo, L5, M|100/100
|-damage|p2a: Mienfoo|79/100|[from] Spikes
|turn|18
|
|t:|1639314760
|switch|p1a: Mienfoo|Mienfoo, L5, M|100/100
|-damage|p1a: Mienfoo|96/100|[from] Stealth Rock
|move|p2a: Mienfoo|High Jump Kick|p1a: Mienfoo
|-damage|p1a: Mienfoo|53/100
|
|upkeep
|turn|19
|
|t:|1639314771
|move|p1a: Mienfoo|Fake Out|p2a: Mienfoo
|-damage|p2a: Mienfoo|66/100
|cant|p2a: Mienfoo|flinch
|
|upkeep
|turn|20
|
|t:|1639314782
|move|p1a: Mienfoo|Drain Punch|p2a: Mienfoo
|-damage|p2a: Mienfoo|35/100
|-heal|p1a: Mienfoo|70/100|[from] drain|[of] p2a: Mienfoo
|move|p2a: Mienfoo|U-turn|p1a: Mienfoo
|-resisted|p1a: Mienfoo
|-damage|p1a: Mienfoo|61/100
|
|t:|1639314790
|switch|p2a: Abra|Abra, L5, M|100/100|[from]move: U-turn
|
|upkeep
|turn|21
|
|t:|1639314803
|switch|p1a: Porygon|Porygon, L5|100/100 par
|-damage|p1a: Porygon|88/100 par|[from] Stealth Rock
|-ability|p1a: Porygon|Magic Guard|[from] ability: Trace|[of] p2a: Abra
|move|p2a: Abra|Psychic|p1a: Porygon
|-damage|p1a: Porygon|25/100 par
|
|upkeep
|turn|22
|
|t:|1639314816
|move|p2a: Abra|Psychic|p1a: Porygon
|-damage|p1a: Porygon|0 fnt
|faint|p1a: Porygon
|
|upkeep
|
|t:|1639314818
|switch|p1a: Vullaby|Vullaby, L5, F|100/100
|-damage|p1a: Vullaby|76/100|[from] Stealth Rock
|turn|23
|
|t:|1639314824
|switch|p2a: Wynaut|Wynaut, L5, M|56/100
|-damage|p2a: Wynaut|34/100|[from] Spikes
|move|p1a: Vullaby|Roost|p1a: Vullaby
|-heal|p1a: Vullaby|100/100
|-singleturn|p1a: Vullaby|move: Roost
|
|upkeep
|turn|24
|
|t:|1639314833
|move|p1a: Vullaby|Brave Bird|p2a: Wynaut
|-damage|p2a: Wynaut|0 fnt
|faint|p2a: Wynaut
|-damage|p1a: Vullaby|88/100|[from] Recoil
|
|upkeep
|
|t:|1639314845
|switch|p2a: Clamperl|Clamperl, L5, F|100/100
|-damage|p2a: Clamperl|77/100|[from] Spikes
|turn|25
|
|t:|1639314852
|move|p2a: Clamperl|Ice Beam|p1a: Vullaby
|-supereffective|p1a: Vullaby
|-damage|p1a: Vullaby|8/100
|move|p1a: Vullaby|Whirlwind|p2a: Clamperl
|drag|p2a: Mienfoo|Mienfoo, L5, M|66/100
|-damage|p2a: Mienfoo|44/100|[from] Spikes
|
|upkeep
|turn|26
|
|t:|1639314864
|move|p2a: Mienfoo|Fake Out|p1a: Vullaby
|-damage|p1a: Vullaby|0 fnt
|faint|p1a: Vullaby
|
|upkeep
|
|t:|1639314878
|switch|p1a: Diglett|Diglett, L5, M|89/100
|-damage|p1a: Diglett|84/100|[from] Stealth Rock
|turn|27
|
|t:|1639314887
|move|p1a: Diglett|Earthquake|p2a: Mienfoo
|-damage|p2a: Mienfoo|0 fnt
|faint|p2a: Mienfoo
|-damage|p1a: Diglett|78/100|[from] item: Life Orb
|
|upkeep
|
|t:|1639314890
|switch|p2a: Abra|Abra, L5, M|100/100
|turn|28
|
|t:|1639314897
|move|p1a: Diglett|Rock Slide|p2a: Abra
|-damage|p2a: Abra|16/100
|-damage|p1a: Diglett|73/100|[from] item: Life Orb
|move|p2a: Abra|Energy Ball|p1a: Diglett
|-supereffective|p1a: Diglett
|-damage|p1a: Diglett|0 fnt
|faint|p1a: Diglett
|
|upkeep
|
|t:|1639314899
|switch|p1a: Mienfoo|Mienfoo, L5, M|92/100
|-damage|p1a: Mienfoo|87/100|[from] Stealth Rock
|turn|29
|
|t:|1639314905
|move|p2a: Abra|Protect|p2a: Abra
|-singleturn|p2a: Abra|Protect
|move|p1a: Mienfoo|Fake Out|p2a: Abra
|-activate|p2a: Abra|move: Protect
|
|upkeep
|turn|30
|
|t:|1639314909
|move|p2a: Abra|Psychic|p1a: Mienfoo
|-supereffective|p1a: Mienfoo
|-damage|p1a: Mienfoo|0 fnt
|faint|p1a: Mienfoo
|
|win|Raiden Shadow
|c|☆Trade|gg
|c|☆Raiden Shadow|ggs
