|inactive|Battle timer is ON: inactive players will automatically lose when time's up.
|t:|1644173726
|gametype|singles
|player|p1|Dababy2|lucas-gen4pt|
|player|p2|mars and back|rosa|
|teamsize|p1|6
|teamsize|p2|6
|gen|5
|tier|[Gen 5] OU
|rule|Species Clause: Limit one of each Pokémon
|rule|OHKO Clause: OHKO moves are banned
|rule|Moody Clause: Moody is banned
|rule|Evasion Moves Clause: Evasion moves are banned
|rule|Endless Battle Clause: Forcing endless battles is banned
|rule|HP Percentage Mod: HP is shown in percentages
|rule|Evasion Abilities Clause: Evasion abilities are banned
|rule|Sleep Clause: Sleep-inducing moves are banned
|rule|Swagger Clause: Swagger is banned
|clearpoke
|poke|p1|Alakazam, M|item
|poke|p1|Garchomp, M|item
|poke|p1|Cloyster, F|item
|poke|p1|Excadrill, M|item
|poke|p1|Volcarona, F|item
|poke|p1|Keldeo|item
|poke|p2|Garchomp, F|item
|poke|p2|Rotom-Wash|item
|poke|p2|Celebi|item
|poke|p2|Tyranitar, M|item
|poke|p2|Excadrill, F|item
|poke|p2|Landorus-Therian, M|item
|teampreview
|inactive|mars and back also wants the timer to be on.
|inactive|mars and back has 270 seconds left.
|
|t:|1644173772
|start
|switch|p1a: Gabite of 87|Garchomp, M, shiny|100/100
|switch|p2a: Landorus|Landorus-Therian, M|100/100
|-ability|p2a: Landorus|Intimidate|boost
|-unboost|p1a: Gabite of 87|atk|1
|turn|1
|
|t:|1644173776
|move|p1a: Gabite of 87|Stealth Rock|p2a: Landorus
|-sidestart|p2: mars and back|move: Stealth Rock
|move|p2a: Landorus|Hidden Power|p1a: Gabite of 87
|-supereffective|p1a: Gabite of 87
|-damage|p1a: Gabite of 87|32/100
|
|upkeep
|turn|2
|
|t:|1644173779
|move|p1a: Gabite of 87|Swords Dance|p1a: Gabite of 87
|-boost|p1a: Gabite of 87|atk|2
|move|p2a: Landorus|Earthquake|p1a: Gabite of 87
|-damage|p1a: Gabite of 87|0 fnt
|faint|p1a: Gabite of 87
|
|upkeep
|
|t:|1644173783
|switch|p1a: Kenan & Keldeo|Keldeo|100/100
|turn|3
|
|t:|1644173785
|switch|p1a: Opp Stoppa|Volcarona, F, shiny|100/100
|switch|p2a: Celebi|Celebi|100/100
|-damage|p2a: Celebi|88/100|[from] Stealth Rock
|
|-heal|p2a: Celebi|94/100|[from] item: Leftovers
|upkeep
|turn|4
|c|☆mars and back|hmmm
|
|t:|1644173797
|switch|p2a: Tyranitar|Tyranitar, M|100/100
|-damage|p2a: Tyranitar|88/100|[from] Stealth Rock
|-weather|Sandstorm|[from] ability: Sand Stream|[of] p2a: Tyranitar
|move|p1a: Opp Stoppa|Quiver Dance|p1a: Opp Stoppa
|-boost|p1a: Opp Stoppa|spa|1
|-boost|p1a: Opp Stoppa|spd|1
|-boost|p1a: Opp Stoppa|spe|1
|
|-weather|Sandstorm|[upkeep]
|-damage|p1a: Opp Stoppa|94/100|[from] Sandstorm
|upkeep
|turn|5
|
|t:|1644173801
|move|p1a: Opp Stoppa|Quiver Dance|p1a: Opp Stoppa
|-boost|p1a: Opp Stoppa|spa|1
|-boost|p1a: Opp Stoppa|spd|1
|-boost|p1a: Opp Stoppa|spe|1
|move|p2a: Tyranitar|Toxic|p1a: Opp Stoppa
|-status|p1a: Opp Stoppa|tox
|
|-weather|Sandstorm|[upkeep]
|-damage|p1a: Opp Stoppa|88/100 tox|[from] Sandstorm
|-damage|p1a: Opp Stoppa|82/100 tox|[from] psn
|upkeep
|turn|6
|
|t:|1644173807
|move|p1a: Opp Stoppa|Bug Buzz|p2a: Tyranitar
|-supereffective|p2a: Tyranitar
|-damage|p2a: Tyranitar|13/100
|-unboost|p2a: Tyranitar|spd|1
|move|p2a: Tyranitar|Crunch|p1a: Opp Stoppa
|-damage|p1a: Opp Stoppa|46/100 tox
|
|-weather|Sandstorm|[upkeep]
|-damage|p1a: Opp Stoppa|39/100 tox|[from] Sandstorm
|-damage|p1a: Opp Stoppa|27/100 tox|[from] psn
|upkeep
|turn|7
|
|t:|1644173814
|move|p1a: Opp Stoppa|Bug Buzz|p2a: Tyranitar
|-supereffective|p2a: Tyranitar
|-damage|p2a: Tyranitar|0 fnt
|faint|p2a: Tyranitar
|
|-weather|Sandstorm|[upkeep]
|-damage|p1a: Opp Stoppa|21/100 tox|[from] Sandstorm
|-damage|p1a: Opp Stoppa|2/100 tox|[from] psn
|upkeep
|
|t:|1644173817
|switch|p2a: Excadrill|Excadrill, F|100/100
|-damage|p2a: Excadrill|98/100|[from] Stealth Rock
|-ability|p2a: Excadrill|Mold Breaker
|turn|8
|
|t:|1644173820
|move|p1a: Opp Stoppa|Roost|p1a: Opp Stoppa
|-heal|p1a: Opp Stoppa|53/100 tox
|-singleturn|p1a: Opp Stoppa|move: Roost
|move|p2a: Excadrill|Earthquake|p1a: Opp Stoppa
|-damage|p1a: Opp Stoppa|1/100 tox
|
|-weather|Sandstorm|[upkeep]
|-damage|p1a: Opp Stoppa|0 fnt|[from] Sandstorm
|faint|p1a: Opp Stoppa
|-heal|p2a: Excadrill|100/100|[from] item: Leftovers
|upkeep
|c|☆Dababy2|Bruh
|c|☆Dababy2|I got caught slippin
|
|t:|1644173833
|switch|p1a: Wagwan My Drilla|Excadrill, M|100/100
|-ability|p1a: Wagwan My Drilla|Mold Breaker
|turn|9
|
|t:|1644173844
|move|p1a: Wagwan My Drilla|Swords Dance|p1a: Wagwan My Drilla
|-boost|p1a: Wagwan My Drilla|atk|2
|move|p2a: Excadrill|Earthquake|p1a: Wagwan My Drilla
|-supereffective|p1a: Wagwan My Drilla
|-enditem|p1a: Wagwan My Drilla|Focus Sash
|-damage|p1a: Wagwan My Drilla|1/100
|
|-weather|Sandstorm|[upkeep]
|upkeep
|turn|10
|c|☆mars and back|slipped again
|c|☆Dababy2|I got caught slippin again
|
|t:|1644173859
|move|p1a: Wagwan My Drilla|Iron Head|p2a: Excadrill
|-resisted|p2a: Excadrill
|-damage|p2a: Excadrill|43/100
|cant|p2a: Excadrill|flinch
|
|-weather|Sandstorm|[upkeep]
|-heal|p2a: Excadrill|49/100|[from] item: Leftovers
|upkeep
|turn|11
|
|t:|1644173864
|move|p1a: Wagwan My Drilla|Iron Head|p2a: Excadrill
|-resisted|p2a: Excadrill
|-damage|p2a: Excadrill|0 fnt
|faint|p2a: Excadrill
|
|-weather|Sandstorm|[upkeep]
|upkeep
|
|t:|1644173872
|switch|p2a: Garchomp|Garchomp, F|100/100
|-damage|p2a: Garchomp|94/100|[from] Stealth Rock
|turn|12
|
|t:|1644173874
|move|p2a: Garchomp|Earthquake|p1a: Wagwan My Drilla
|-supereffective|p1a: Wagwan My Drilla
|-damage|p1a: Wagwan My Drilla|0 fnt
|faint|p1a: Wagwan My Drilla
|
|-weather|Sandstorm|[upkeep]
|upkeep
|
|t:|1644173878
|switch|p1a: Kenan & Keldeo|Keldeo|100/100
|turn|13
|
|t:|1644173880
|switch|p2a: Celebi|Celebi|94/100
|-damage|p2a: Celebi|82/100|[from] Stealth Rock
|switch|p1a: CallyManZam|Alakazam, M|100/100
|
|-weather|Sandstorm|[upkeep]
|-damage|p2a: Celebi|76/100|[from] Sandstorm
|-heal|p2a: Celebi|82/100|[from] item: Leftovers
|upkeep
|turn|14
|
|t:|1644173882
|move|p1a: CallyManZam|Shadow Ball|p2a: Celebi
|-supereffective|p2a: Celebi
|-damage|p2a: Celebi|45/100
|move|p2a: Celebi|Giga Drain|p1a: CallyManZam
|-damage|p1a: CallyManZam|59/100
|-heal|p2a: Celebi|58/100|[from] drain|[of] p1a: CallyManZam
|
|-weather|Sandstorm|[upkeep]
|-damage|p2a: Celebi|52/100|[from] Sandstorm
|-heal|p2a: Celebi|58/100|[from] item: Leftovers
|upkeep
|turn|15
|
|t:|1644173887
|switch|p2a: Landorus|Landorus-Therian, M|100/100
|-damage|p2a: Landorus|88/100|[from] Stealth Rock
|-ability|p2a: Landorus|Intimidate|boost
|-unboost|p1a: CallyManZam|atk|1
|move|p1a: CallyManZam|Thunder Wave|p2a: Landorus
|-immune|p2a: Landorus
|
|-weather|Sandstorm|[upkeep]
|-heal|p2a: Landorus|94/100|[from] item: Leftovers
|upkeep
|turn|16
|
|t:|1644173889
|move|p1a: CallyManZam|Psychic|p2a: Landorus
|-damage|p2a: Landorus|25/100
|move|p2a: Landorus|Earthquake|p1a: CallyManZam
|-damage|p1a: CallyManZam|0 fnt
|faint|p1a: CallyManZam
|
|-weather|Sandstorm|[upkeep]
|-heal|p2a: Landorus|31/100|[from] item: Leftovers
|upkeep
|
|t:|1644173892
|switch|p1a: FreeTheUyghurs|Cloyster, F, shiny|100/100
|turn|17
|
|t:|1644173894
|switch|p2a: Rotom|Rotom-Wash|100/100
|-damage|p2a: Rotom|88/100|[from] Stealth Rock
|move|p1a: FreeTheUyghurs|Shell Smash|p1a: FreeTheUyghurs
|-unboost|p1a: FreeTheUyghurs|def|1
|-unboost|p1a: FreeTheUyghurs|spd|1
|-boost|p1a: FreeTheUyghurs|atk|2
|-boost|p1a: FreeTheUyghurs|spa|2
|-boost|p1a: FreeTheUyghurs|spe|2
|-enditem|p1a: FreeTheUyghurs|White Herb
|-clearnegativeboost|p1a: FreeTheUyghurs|[silent]
|
|-weather|Sandstorm|[upkeep]
|-damage|p1a: FreeTheUyghurs|94/100|[from] Sandstorm
|-damage|p2a: Rotom|82/100|[from] Sandstorm
|-heal|p2a: Rotom|88/100|[from] item: Leftovers
|upkeep
|turn|18
|
|t:|1644173897
|move|p1a: FreeTheUyghurs|Icicle Spear|p2a: Rotom
|-resisted|p2a: Rotom
|-damage|p2a: Rotom|76/100
|-resisted|p2a: Rotom
|-damage|p2a: Rotom|65/100
|-resisted|p2a: Rotom
|-damage|p2a: Rotom|54/100
|-resisted|p2a: Rotom
|-damage|p2a: Rotom|43/100
|-resisted|p2a: Rotom
|-crit|p2a: Rotom
|-damage|p2a: Rotom|20/100
|-hitcount|p2a: Rotom|5
|move|p2a: Rotom|Volt Switch|p1a: FreeTheUyghurs
|-supereffective|p1a: FreeTheUyghurs
|-damage|p1a: FreeTheUyghurs|0 fnt
|faint|p1a: FreeTheUyghurs
|
|t:|1644173899
|switch|p2a: Garchomp|Garchomp, F|94/100|[from]move: Volt Switch
|-damage|p2a: Garchomp|88/100|[from] Stealth Rock
|
|-weather|Sandstorm|[upkeep]
|upkeep
|
|t:|1644173902
|switch|p1a: Kenan & Keldeo|Keldeo|100/100
|turn|19
|
|t:|1644173904
|move|p2a: Garchomp|Outrage|p1a: Kenan & Keldeo
|-damage|p1a: Kenan & Keldeo|26/100
|move|p1a: Kenan & Keldeo|Icy Wind|p2a: Garchomp
|-supereffective|p2a: Garchomp
|-damage|p2a: Garchomp|11/100
|-unboost|p2a: Garchomp|spe|1
|
|-weather|Sandstorm|[upkeep]
|-damage|p1a: Kenan & Keldeo|20/100|[from] Sandstorm
|-heal|p1a: Kenan & Keldeo|26/100|[from] item: Leftovers
|upkeep
|turn|20
|
|t:|1644173910
|move|p1a: Kenan & Keldeo|Icy Wind|p2a: Garchomp|[miss]
|-miss|p1a: Kenan & Keldeo|p2a: Garchomp
|move|p2a: Garchomp|Outrage|p1a: Kenan & Keldeo|[from]lockedmove
|-damage|p1a: Kenan & Keldeo|0 fnt
|faint|p1a: Kenan & Keldeo
|
|win|mars and back
