|inactive|Battle timer is ON: inactive players will automatically lose when time's up.
|t:|1644095472
|gametype|singles
|player|p1|THE PDC SHOW|#splxiiityrants|
|player|p2|ABYSSAL RUINS|skier-gen2|
|teamsize|p1|6
|teamsize|p2|6
|gen|5
|tier|[Gen 5] OU
|rule|Species Clause: Limit one of each Pokémon
|rule|OHKO Clause: OHKO moves are banned
|rule|Moody Clause: Moody is banned
|rule|Evasion Moves Clause: Evasion moves are banned
|rule|Endless Battle Clause: Forcing endless battles is banned
|rule|HP Percentage Mod: HP is shown in percentages
|rule|Evasion Abilities Clause: Evasion abilities are banned
|rule|Sleep Clause: Sleep-inducing moves are banned
|rule|Swagger Clause: Swagger is banned
|clearpoke
|poke|p1|Garchomp, M|item
|poke|p1|Magnezone|item
|poke|p1|Mamoswine, F|item
|poke|p1|Dragonite, M|item
|poke|p1|Starmie|item
|poke|p1|Celebi|item
|poke|p2|Ferrothorn, F|item
|poke|p2|Heatran, F|item
|poke|p2|Landorus-Therian, M|item
|poke|p2|Tyranitar, M|item
|poke|p2|Latios, M|item
|poke|p2|Keldeo|item
|teampreview
|inactive|ABYSSAL RUINS has 270 seconds left.
|
|t:|1644095502
|start
|switch|p1a: Mamoswine|Mamoswine, F|100/100
|switch|p2a: Latios|Latios, M|100/100
|turn|1
|
|t:|1644095508
|move|p2a: Latios|Draco Meteor|p1a: Mamoswine
|-damage|p1a: Mamoswine|9/100
|-unboost|p2a: Latios|spa|2
|move|p1a: Mamoswine|Icicle Crash|p2a: Latios
|-supereffective|p2a: Latios
|-crit|p2a: Latios
|-damage|p2a: Latios|0 fnt
|faint|p2a: Latios
|
|upkeep
|
|t:|1644095524
|switch|p2a: Keldeo|Keldeo|100/100
|turn|2
|
|t:|1644095532
|switch|p1a: Celebi|Celebi|100/100
|move|p2a: Keldeo|Icy Wind|p1a: Celebi
|-supereffective|p1a: Celebi
|-crit|p1a: Celebi
|-damage|p1a: Celebi|9/100
|-unboost|p1a: Celebi|spe|1
|
|-heal|p1a: Celebi|16/100|[from] item: Leftovers
|upkeep
|turn|3
|
|t:|1644095539
|switch|p2a: Tyranitar|Tyranitar, M|100/100
|-weather|Sandstorm|[from] ability: Sand Stream|[of] p2a: Tyranitar
|switch|p1a: Starmie|Starmie|100/100
|-item|p1a: Starmie|Air Balloon
|
|-weather|Sandstorm|[upkeep]
|-damage|p1a: Starmie|94/100|[from] Sandstorm
|upkeep
|turn|4
|
|t:|1644095550
|-activate|p1a: Starmie|move: Pursuit
|move|p2a: Tyranitar|Pursuit|p1a: Starmie|[from]Pursuit
|-enditem|p2a: Tyranitar|Dark Gem|[from] gem
|-supereffective|p1a: Starmie
|-damage|p1a: Starmie|0 fnt
|-enditem|p1a: Starmie|Air Balloon
|faint|p1a: Starmie
|-hint|A Pokemon can't switch between when it runs out of HP and when it faints
|
|-weather|Sandstorm|[upkeep]
|upkeep
|
|t:|1644095554
|switch|p1a: Garchomp|Garchomp, M|100/100
|turn|5
|
|t:|1644095567
|switch|p2a: Keldeo|Keldeo|100/100
|move|p1a: Garchomp|Stealth Rock|p2a: Keldeo
|-sidestart|p2: ABYSSAL RUINS|move: Stealth Rock
|
|-weather|Sandstorm|[upkeep]
|-damage|p2a: Keldeo|94/100|[from] Sandstorm
|upkeep
|turn|6
|
|t:|1644095575
|move|p2a: Keldeo|Surf|p1a: Garchomp
|-damage|p1a: Garchomp|18/100
|move|p1a: Garchomp|Outrage|p2a: Keldeo
|-damage|p2a: Keldeo|22/100
|
|-weather|Sandstorm|[upkeep]
|-damage|p2a: Keldeo|16/100|[from] Sandstorm
|upkeep
|turn|7
|
|t:|1644095582
|move|p2a: Keldeo|Surf|p1a: Garchomp
|-damage|p1a: Garchomp|0 fnt
|faint|p1a: Garchomp
|
|-weather|Sandstorm|[upkeep]
|-damage|p2a: Keldeo|10/100|[from] Sandstorm
|upkeep
|
|t:|1644095593
|switch|p1a: Dragonite|Dragonite, M|100/100
|turn|8
|
|t:|1644095600
|move|p2a: Keldeo|Surf|p1a: Dragonite
|-resisted|p1a: Dragonite
|-damage|p1a: Dragonite|82/100
|move|p1a: Dragonite|Dragon Dance|p1a: Dragonite
|-boost|p1a: Dragonite|atk|1
|-boost|p1a: Dragonite|spe|1
|
|-weather|Sandstorm|[upkeep]
|-damage|p1a: Dragonite|76/100|[from] Sandstorm
|-damage|p2a: Keldeo|4/100|[from] Sandstorm
|upkeep
|turn|9
|
|t:|1644095602
|move|p1a: Dragonite|Dragon Dance|p1a: Dragonite
|-boost|p1a: Dragonite|atk|1
|-boost|p1a: Dragonite|spe|1
|move|p2a: Keldeo|Surf|p1a: Dragonite
|-resisted|p1a: Dragonite
|-damage|p1a: Dragonite|39/100
|
|-weather|Sandstorm|[upkeep]
|-damage|p1a: Dragonite|33/100|[from] Sandstorm
|-damage|p2a: Keldeo|0 fnt|[from] Sandstorm
|faint|p2a: Keldeo
|upkeep
|
|t:|1644095616
|switch|p2a: Ferrothorn|Ferrothorn, F|100/100
|-damage|p2a: Ferrothorn|94/100|[from] Stealth Rock
|turn|10
|
|t:|1644095623
|move|p1a: Dragonite|Earthquake|p2a: Ferrothorn
|-damage|p2a: Ferrothorn|41/100
|move|p2a: Ferrothorn|Leech Seed|p1a: Dragonite
|-start|p1a: Dragonite|move: Leech Seed
|
|-weather|Sandstorm|[upkeep]
|-damage|p1a: Dragonite|27/100|[from] Sandstorm
|-heal|p2a: Ferrothorn|47/100|[from] item: Leftovers
|-damage|p1a: Dragonite|14/100|[from] Leech Seed|[of] p2a: Ferrothorn
|-heal|p2a: Ferrothorn|59/100|[silent]
|upkeep
|turn|11
|
|t:|1644095628
|move|p1a: Dragonite|Dragon Dance|p1a: Dragonite
|-boost|p1a: Dragonite|atk|1
|-boost|p1a: Dragonite|spe|1
|move|p2a: Ferrothorn|Spikes|p1a: Dragonite
|-sidestart|p1: THE PDC SHOW|Spikes
|
|-weather|Sandstorm|[upkeep]
|-damage|p1a: Dragonite|8/100|[from] Sandstorm
|-heal|p2a: Ferrothorn|65/100|[from] item: Leftovers
|-damage|p1a: Dragonite|0 fnt|[from] Leech Seed|[of] p2a: Ferrothorn
|-heal|p2a: Ferrothorn|72/100|[silent]
|faint|p1a: Dragonite
|upkeep
|
|t:|1644095630
|switch|p1a: Magnezone|Magnezone|100/100
|-damage|p1a: Magnezone|88/100|[from] Spikes
|turn|12
|
|t:|1644095636
|move|p1a: Magnezone|Substitute|p1a: Magnezone
|-start|p1a: Magnezone|Substitute
|-damage|p1a: Magnezone|63/100
|move|p2a: Ferrothorn|Power Whip|p1a: Magnezone
|-resisted|p1a: Magnezone
|-activate|p1a: Magnezone|Substitute|[damage]
|
|-weather|Sandstorm|[upkeep]
|-heal|p1a: Magnezone|69/100|[from] item: Leftovers
|-heal|p2a: Ferrothorn|78/100|[from] item: Leftovers
|upkeep
|turn|13
|
|t:|1644095644
|move|p1a: Magnezone|Charge Beam|p2a: Ferrothorn
|-resisted|p2a: Ferrothorn
|-damage|p2a: Ferrothorn|69/100
|move|p2a: Ferrothorn|Power Whip|p1a: Magnezone
|-resisted|p1a: Magnezone
|-end|p1a: Magnezone|Substitute
|
|-weather|Sandstorm|[upkeep]
|-heal|p1a: Magnezone|76/100|[from] item: Leftovers
|-heal|p2a: Ferrothorn|75/100|[from] item: Leftovers
|upkeep
|turn|14
|
|t:|1644095652
|move|p1a: Magnezone|Substitute|p1a: Magnezone
|-start|p1a: Magnezone|Substitute
|-damage|p1a: Magnezone|51/100
|move|p2a: Ferrothorn|Power Whip|p1a: Magnezone
|-resisted|p1a: Magnezone
|-activate|p1a: Magnezone|Substitute|[damage]
|
|-weather|Sandstorm|[upkeep]
|-heal|p1a: Magnezone|57/100|[from] item: Leftovers
|-heal|p2a: Ferrothorn|82/100|[from] item: Leftovers
|upkeep
|turn|15
|
|t:|1644095656
|move|p1a: Magnezone|Charge Beam|p2a: Ferrothorn|[miss]
|-miss|p1a: Magnezone|p2a: Ferrothorn
|move|p2a: Ferrothorn|Power Whip|p1a: Magnezone
|-resisted|p1a: Magnezone
|-end|p1a: Magnezone|Substitute
|
|-weather|Sandstorm|[upkeep]
|-heal|p1a: Magnezone|63/100|[from] item: Leftovers
|-heal|p2a: Ferrothorn|88/100|[from] item: Leftovers
|upkeep
|turn|16
|
|t:|1644095668
|move|p1a: Magnezone|Substitute|p1a: Magnezone
|-start|p1a: Magnezone|Substitute
|-damage|p1a: Magnezone|38/100
|move|p2a: Ferrothorn|Spikes|p1a: Magnezone
|-sidestart|p1: THE PDC SHOW|Spikes
|
|-weather|Sandstorm|[upkeep]
|-heal|p1a: Magnezone|44/100|[from] item: Leftovers
|-heal|p2a: Ferrothorn|94/100|[from] item: Leftovers
|upkeep
|turn|17
|
|t:|1644095670
|move|p1a: Magnezone|Charge Beam|p2a: Ferrothorn
|-resisted|p2a: Ferrothorn
|-damage|p2a: Ferrothorn|86/100
|-boost|p1a: Magnezone|spa|1
|move|p2a: Ferrothorn|Power Whip|p1a: Magnezone
|-resisted|p1a: Magnezone
|-activate|p1a: Magnezone|Substitute|[damage]
|
|-weather|Sandstorm|[upkeep]
|-heal|p1a: Magnezone|51/100|[from] item: Leftovers
|-heal|p2a: Ferrothorn|93/100|[from] item: Leftovers
|upkeep
|turn|18
|
|t:|1644095675
|move|p1a: Magnezone|Charge Beam|p2a: Ferrothorn
|-resisted|p2a: Ferrothorn
|-damage|p2a: Ferrothorn|80/100
|-boost|p1a: Magnezone|spa|1
|move|p2a: Ferrothorn|Power Whip|p1a: Magnezone
|-resisted|p1a: Magnezone
|-end|p1a: Magnezone|Substitute
|
|-weather|Sandstorm|[upkeep]
|-heal|p1a: Magnezone|57/100|[from] item: Leftovers
|-heal|p2a: Ferrothorn|87/100|[from] item: Leftovers
|upkeep
|turn|19
|
|t:|1644095677
|move|p1a: Magnezone|Substitute|p1a: Magnezone
|-start|p1a: Magnezone|Substitute
|-damage|p1a: Magnezone|32/100
|move|p2a: Ferrothorn|Power Whip|p1a: Magnezone
|-resisted|p1a: Magnezone
|-activate|p1a: Magnezone|Substitute|[damage]
|
|-weather|Sandstorm|[upkeep]
|-heal|p1a: Magnezone|38/100|[from] item: Leftovers
|-heal|p2a: Ferrothorn|93/100|[from] item: Leftovers
|upkeep
|turn|20
|
|t:|1644095679
|move|p1a: Magnezone|Charge Beam|p2a: Ferrothorn
|-resisted|p2a: Ferrothorn
|-damage|p2a: Ferrothorn|75/100
|move|p2a: Ferrothorn|Power Whip|p1a: Magnezone
|-resisted|p1a: Magnezone
|-end|p1a: Magnezone|Substitute
|
|-weather|Sandstorm|[upkeep]
|-heal|p1a: Magnezone|44/100|[from] item: Leftovers
|-heal|p2a: Ferrothorn|81/100|[from] item: Leftovers
|upkeep
|turn|21
|
|t:|1644095682
|move|p1a: Magnezone|Substitute|p1a: Magnezone
|-start|p1a: Magnezone|Substitute
|-damage|p1a: Magnezone|20/100
|move|p2a: Ferrothorn|Power Whip|p1a: Magnezone|[miss]
|-miss|p2a: Ferrothorn|p1a: Magnezone
|
|-weather|Sandstorm|[upkeep]
|-heal|p1a: Magnezone|26/100|[from] item: Leftovers
|-heal|p2a: Ferrothorn|87/100|[from] item: Leftovers
|upkeep
|turn|22
|
|t:|1644095684
|move|p1a: Magnezone|Charge Beam|p2a: Ferrothorn
|-resisted|p2a: Ferrothorn
|-damage|p2a: Ferrothorn|70/100
|-boost|p1a: Magnezone|spa|1
|move|p2a: Ferrothorn|Power Whip|p1a: Magnezone
|-resisted|p1a: Magnezone
|-activate|p1a: Magnezone|Substitute|[damage]
|
|-weather|Sandstorm|[upkeep]
|-heal|p1a: Magnezone|32/100|[from] item: Leftovers
|-heal|p2a: Ferrothorn|77/100|[from] item: Leftovers
|upkeep
|turn|23
|
|t:|1644095687
|move|p1a: Magnezone|Charge Beam|p2a: Ferrothorn
|-resisted|p2a: Ferrothorn
|-damage|p2a: Ferrothorn|56/100
|-boost|p1a: Magnezone|spa|1
|move|p2a: Ferrothorn|Power Whip|p1a: Magnezone
|-resisted|p1a: Magnezone
|-end|p1a: Magnezone|Substitute
|
|-weather|Sandstorm|[upkeep]
|-heal|p1a: Magnezone|38/100|[from] item: Leftovers
|-heal|p2a: Ferrothorn|62/100|[from] item: Leftovers
|upkeep
|turn|24
|
|t:|1644095690
|move|p1a: Magnezone|Substitute|p1a: Magnezone
|-start|p1a: Magnezone|Substitute
|-damage|p1a: Magnezone|13/100
|move|p2a: Ferrothorn|Power Whip|p1a: Magnezone
|-resisted|p1a: Magnezone
|-activate|p1a: Magnezone|Substitute|[damage]
|
|-weather|Sandstorm|[upkeep]
|-heal|p1a: Magnezone|20/100|[from] item: Leftovers
|-heal|p2a: Ferrothorn|69/100|[from] item: Leftovers
|upkeep
|turn|25
|
|t:|1644095693
|move|p1a: Magnezone|Charge Beam|p2a: Ferrothorn
|-resisted|p2a: Ferrothorn
|-damage|p2a: Ferrothorn|43/100
|-boost|p1a: Magnezone|spa|1
|move|p2a: Ferrothorn|Power Whip|p1a: Magnezone|[miss]
|-miss|p2a: Ferrothorn|p1a: Magnezone
|
|-weather|Sandstorm|[upkeep]
|-heal|p1a: Magnezone|26/100|[from] item: Leftovers
|-heal|p2a: Ferrothorn|49/100|[from] item: Leftovers
|upkeep
|turn|26
|
|t:|1644095697
|move|p1a: Magnezone|Thunderbolt|p2a: Ferrothorn
|-resisted|p2a: Ferrothorn
|-damage|p2a: Ferrothorn|0 fnt
|faint|p2a: Ferrothorn
|
|-weather|Sandstorm|[upkeep]
|-heal|p1a: Magnezone|32/100|[from] item: Leftovers
|upkeep
|
|t:|1644095714
|switch|p2a: Heatran|Heatran, F|100/100
|-damage|p2a: Heatran|88/100|[from] Stealth Rock
|-item|p2a: Heatran|Air Balloon
|turn|27
|
|t:|1644095717
|move|p1a: Magnezone|Thunderbolt|p2a: Heatran
|-damage|p2a: Heatran|0 fnt
|-enditem|p2a: Heatran|Air Balloon
|faint|p2a: Heatran
|
|-weather|Sandstorm|[upkeep]
|-heal|p1a: Magnezone|38/100|[from] item: Leftovers
|upkeep
|
|t:|1644095720
|switch|p2a: Tyranitar|Tyranitar, M|100/100
|-damage|p2a: Tyranitar|88/100|[from] Stealth Rock
|turn|28
|
|t:|1644095722
|move|p2a: Tyranitar|Crunch|p1a: Magnezone
|-resisted|p1a: Magnezone
|-end|p1a: Magnezone|Substitute
|move|p1a: Magnezone|Thunderbolt|p2a: Tyranitar
|-damage|p2a: Tyranitar|0 fnt
|faint|p2a: Tyranitar
|
|-weather|Sandstorm|[upkeep]
|-heal|p1a: Magnezone|44/100|[from] item: Leftovers
|upkeep
|c|☆THE PDC SHOW|fuck
|
|t:|1644095727
|switch|p2a: Landorus|Landorus-Therian, M|100/100
|-damage|p2a: Landorus|88/100|[from] Stealth Rock
|-ability|p2a: Landorus|Intimidate|boost
|-unboost|p1a: Magnezone|atk|1
|turn|29
|c|☆THE PDC SHOW|is that max speed tar
|c|☆ABYSSAL RUINS|Oh wow
|c|☆THE PDC SHOW|lol
|c|☆ABYSSAL RUINS|I Didnt realize i had 243 Tar
|c|☆ABYSSAL RUINS|Yeah
|
|t:|1644095743
|move|p2a: Landorus|Earthquake|p1a: Magnezone
|-supereffective|p1a: Magnezone
|-damage|p1a: Magnezone|0 fnt
|faint|p1a: Magnezone
|
|-weather|Sandstorm|[upkeep]
|-heal|p2a: Landorus|94/100|[from] item: Leftovers
|upkeep
|
|t:|1644095746
|switch|p1a: Mamoswine|Mamoswine, F|9/100
|-damage|p1a: Mamoswine|0 fnt|[from] Spikes
|faint|p1a: Mamoswine
|
|t:|1644095747
|switch|p1a: Celebi|Celebi|16/100
|-damage|p1a: Celebi|0 fnt|[from] Spikes
|faint|p1a: Celebi
|
|win|ABYSSAL RUINS
