|inactive|Battle timer is ON: inactive players will automatically lose when time's up.
|t:|1631461042
|gametype|singles
|player|p1|TSR|#scl1dynamos|
|player|p2|Bouff|dawn|
|teamsize|p1|6
|teamsize|p2|6
|gen|5
|tier|[Gen 5] UU
|rule|Species Clause: Limit one of each Pokémon
|rule|OHKO Clause: OHKO moves are banned
|rule|Moody Clause: Moody is banned
|rule|Evasion Moves Clause: Evasion moves are banned
|rule|Endless Battle Clause: Forcing endless battles is banned
|rule|HP Percentage Mod: HP is shown in percentages
|rule|Evasion Abilities Clause: Evasion abilities are banned
|rule|Baton Pass Clause: Limit one Baton Passer, can't pass Spe and other stats simultaneously
|rule|Swagger Clause: Swagger is banned
|rule|Sleep Clause Mod: Limit one foe put to sleep
|clearpoke
|poke|p1|Mismagius, M|item
|poke|p1|Qwilfish, M|item
|poke|p1|Shaymin|item
|poke|p1|Porygon2|item
|poke|p1|Rhyperior, M|item
|poke|p1|Heracross, M|item
|poke|p2|Meloetta|item
|poke|p2|Gligar, M|item
|poke|p2|Cobalion|item
|poke|p2|Zapdos|item
|poke|p2|Snorlax, M|item
|poke|p2|Blastoise, F|item
|teampreview
|c|☆Bouff|hf
|c|☆TSR|u2 
|c|+ALlCE|safiiiiir
|c|+Mannat|https://youtu.be/8A-q3TM8kPk lets go bouff
|c|+Pohjis|lgi safiiir
|inactive|TSR has 270 seconds left.
|inactive|Bouff has 270 seconds left.
|inactive|TSR has 240 seconds left.
|
|t:|1631461103
|start
|switch|p1a: Mismagius|Mismagius, M|100/100
|switch|p2a: Cobalion|Cobalion|100/100
|turn|1
|
|t:|1631461132
|move|p2a: Cobalion|Volt Switch|p1a: Mismagius
|-damage|p1a: Mismagius|81/100
|
|t:|1631461140
|switch|p2a: Zapdos|Zapdos|100/100|[from]move: Volt Switch
|-ability|p2a: Zapdos|Pressure
|move|p1a: Mismagius|Will-O-Wisp|p2a: Zapdos
|-status|p2a: Zapdos|brn
|
|-heal|p1a: Mismagius|87/100|[from] item: Leftovers
|-damage|p2a: Zapdos|88/100 brn|[from] brn
|upkeep
|turn|2
|
|t:|1631461157
|switch|p1a: Rhyperior|Rhyperior, M|100/100
|move|p2a: Zapdos|Toxic|p1a: Rhyperior
|-status|p1a: Rhyperior|tox
|
|-heal|p2a: Zapdos|94/100 brn|[from] item: Leftovers
|-damage|p1a: Rhyperior|94/100 tox|[from] psn
|-damage|p2a: Zapdos|82/100 brn|[from] brn
|upkeep
|turn|3
|inactive|TSR has 270 seconds left.
|
|t:|1631461180
|switch|p2a: Gligar|Gligar, M|100/100
|move|p1a: Rhyperior|Stealth Rock|p2a: Gligar
|-sidestart|p2: Bouff|move: Stealth Rock
|
|-heal|p1a: Rhyperior|100/100 tox|[from] item: Leftovers
|-damage|p1a: Rhyperior|88/100 tox|[from] psn
|upkeep
|turn|4
|inactive|TSR has 270 seconds left.
|
|t:|1631461197
|switch|p1a: Shaymin|Shaymin, shiny|100/100
|move|p2a: Gligar|Stealth Rock|p1a: Shaymin
|-sidestart|p1: TSR|move: Stealth Rock
|
|upkeep
|turn|5
|inactive|TSR has 270 seconds left.
|c|+pokemonisfun|shaymin
|c|+pokemonisfun|more like baemin
|c|+pokemonisfun|:3
|
|t:|1631461226
|switch|p2a: Snorlax|Snorlax, M|100/100
|-damage|p2a: Snorlax|88/100|[from] Stealth Rock
|move|p1a: Shaymin|Seed Flare|p2a: Snorlax
|-damage|p2a: Snorlax|48/100
|-damage|p1a: Shaymin|91/100|[from] item: Life Orb
|
|-heal|p2a: Snorlax|54/100|[from] item: Leftovers
|upkeep
|turn|6
|inactive|TSR has 240 seconds left.
|
|t:|1631461264
|switch|p1a: Mismagius|Mismagius, M|87/100
|-damage|p1a: Mismagius|75/100|[from] Stealth Rock
|move|p2a: Snorlax|Body Slam|p1a: Mismagius
|-immune|p1a: Mismagius
|
|-heal|p1a: Mismagius|81/100|[from] item: Leftovers
|-heal|p2a: Snorlax|61/100|[from] item: Leftovers
|upkeep
|turn|7
|inactive|Bouff has 270 seconds left.
|
|t:|1631461290
|switch|p2a: Blastoise|Blastoise, F|100/100
|-damage|p2a: Blastoise|88/100|[from] Stealth Rock
|move|p1a: Mismagius|Will-O-Wisp|p2a: Blastoise
|-status|p2a: Blastoise|brn
|
|-heal|p1a: Mismagius|87/100|[from] item: Leftovers
|-heal|p2a: Blastoise|94/100 brn|[from] item: Leftovers
|-damage|p2a: Blastoise|82/100 brn|[from] brn
|upkeep
|turn|8
|
|t:|1631461301
|move|p1a: Mismagius|Taunt|p2a: Blastoise
|-start|p2a: Blastoise|move: Taunt
|cant|p2a: Blastoise|move: Taunt|Roar
|
|-heal|p1a: Mismagius|93/100|[from] item: Leftovers
|-heal|p2a: Blastoise|88/100 brn|[from] item: Leftovers
|-damage|p2a: Blastoise|75/100 brn|[from] brn
|upkeep
|turn|9
|
|t:|1631461311
|move|p1a: Mismagius|Shadow Ball|p2a: Blastoise
|-damage|p2a: Blastoise|49/100 brn
|move|p2a: Blastoise|Scald|p1a: Mismagius
|-damage|p1a: Mismagius|66/100
|
|-heal|p1a: Mismagius|72/100|[from] item: Leftovers
|-heal|p2a: Blastoise|55/100 brn|[from] item: Leftovers
|-damage|p2a: Blastoise|43/100 brn|[from] brn
|upkeep
|turn|10
|
|t:|1631461323
|move|p1a: Mismagius|Shadow Ball|p2a: Blastoise
|-damage|p2a: Blastoise|14/100 brn
|move|p2a: Blastoise|Scald|p1a: Mismagius
|-damage|p1a: Mismagius|36/100
|
|-heal|p1a: Mismagius|42/100|[from] item: Leftovers
|-heal|p2a: Blastoise|20/100 brn|[from] item: Leftovers
|-damage|p2a: Blastoise|8/100 brn|[from] brn
|-end|p2a: Blastoise|move: Taunt
|upkeep
|turn|11
|
|t:|1631461327
|move|p1a: Mismagius|Shadow Ball|p2a: Blastoise
|-damage|p2a: Blastoise|0 fnt
|faint|p2a: Blastoise
|
|-heal|p1a: Mismagius|48/100|[from] item: Leftovers
|upkeep
|
|t:|1631461341
|switch|p2a: Cobalion|Cobalion|100/100
|-damage|p2a: Cobalion|97/100|[from] Stealth Rock
|turn|12
|inactive|TSR has 240 seconds left.
|
|t:|1631461364
|move|p2a: Cobalion|Calm Mind|p2a: Cobalion
|-boost|p2a: Cobalion|spa|1
|-boost|p2a: Cobalion|spd|1
|move|p1a: Mismagius|Pain Split|p2a: Cobalion
|-sethp|p2a: Cobalion|73/100|[from] move: Pain Split|[silent]
|-sethp|p1a: Mismagius|73/100|[from] move: Pain Split
|
|-heal|p1a: Mismagius|79/100|[from] item: Leftovers
|upkeep
|turn|13
|inactive|TSR has 240 seconds left.
|
|t:|1631461384
|move|p2a: Cobalion|Calm Mind|p2a: Cobalion
|-boost|p2a: Cobalion|spa|1
|-boost|p2a: Cobalion|spd|1
|move|p1a: Mismagius|Will-O-Wisp|p2a: Cobalion
|-status|p2a: Cobalion|brn
|
|-heal|p1a: Mismagius|86/100|[from] item: Leftovers
|-damage|p2a: Cobalion|60/100 brn|[from] brn
|upkeep
|turn|14
|inactive|TSR has 210 seconds left.
|
|t:|1631461426
|move|p2a: Cobalion|Hidden Power|p1a: Mismagius
|-enditem|p2a: Cobalion|Ice Gem|[from] gem
|-damage|p1a: Mismagius|32/100
|move|p1a: Mismagius|Shadow Ball|p2a: Cobalion
|-resisted|p2a: Cobalion
|-damage|p2a: Cobalion|51/100 brn
|
|-heal|p1a: Mismagius|39/100|[from] item: Leftovers
|-damage|p2a: Cobalion|39/100 brn|[from] brn
|upkeep
|turn|15
|
|t:|1631461442
|switch|p1a: Qwilfish|Qwilfish, M|100/100
|-damage|p1a: Qwilfish|88/100|[from] Stealth Rock
|-ability|p1a: Qwilfish|Intimidate|boost
|-unboost|p2a: Cobalion|atk|1
|move|p2a: Cobalion|Hidden Power|p1a: Qwilfish
|-resisted|p1a: Qwilfish
|-damage|p1a: Qwilfish|56/100
|
|-heal|p1a: Qwilfish|62/100|[from] item: Black Sludge
|-damage|p2a: Cobalion|26/100 brn|[from] brn
|upkeep
|turn|16
|
|t:|1631461458
|move|p2a: Cobalion|Focus Blast|p1a: Qwilfish
|-resisted|p1a: Qwilfish
|-damage|p1a: Qwilfish|0 fnt
|faint|p1a: Qwilfish
|
|-damage|p2a: Cobalion|14/100 brn|[from] brn
|upkeep
|
|t:|1631461460
|switch|p1a: Heracross|Heracross, M|100/100
|-damage|p1a: Heracross|88/100|[from] Stealth Rock
|turn|17
|
|t:|1631461469
|switch|p2a: Gligar|Gligar, M|100/100
|-damage|p2a: Gligar|88/100|[from] Stealth Rock
|move|p1a: Heracross|Close Combat|p2a: Gligar
|-resisted|p2a: Gligar
|-damage|p2a: Gligar|72/100
|-unboost|p1a: Heracross|def|1
|-unboost|p1a: Heracross|spd|1
|
|upkeep
|turn|18
|
|t:|1631461476
|switch|p1a: thlammed|Porygon2, shiny|100/100
|-damage|p1a: thlammed|88/100|[from] Stealth Rock
|-ability|p1a: thlammed|Immunity|[from] ability: Trace|[of] p2a: Gligar
|move|p2a: Gligar|U-turn|p1a: thlammed
|-damage|p1a: thlammed|80/100
|
|t:|1631461479
|switch|p2a: Meloetta|Meloetta|100/100|[from]move: U-turn
|-damage|p2a: Meloetta|88/100|[from] Stealth Rock
|
|-heal|p2a: Meloetta|94/100|[from] item: Leftovers
|upkeep
|turn|19
|
|t:|1631461488
|move|p2a: Meloetta|Substitute|p2a: Meloetta
|-start|p2a: Meloetta|Substitute
|-damage|p2a: Meloetta|69/100
|move|p1a: thlammed|Frustration|p2a: Meloetta
|-end|p2a: Meloetta|Substitute
|
|-heal|p2a: Meloetta|75/100|[from] item: Leftovers
|upkeep
|turn|20
|inactive|Bouff has 270 seconds left.
|
|t:|1631461525
|move|p2a: Meloetta|Calm Mind|p2a: Meloetta
|-boost|p2a: Meloetta|spa|1
|-boost|p2a: Meloetta|spd|1
|move|p1a: thlammed|Frustration|p2a: Meloetta
|-crit|p2a: Meloetta
|-damage|p2a: Meloetta|19/100
|
|-heal|p2a: Meloetta|25/100|[from] item: Leftovers
|upkeep
|turn|21
|inactive|Bouff has 270 seconds left.
|
|t:|1631461535
|move|p2a: Meloetta|Psychic|p1a: thlammed
|-crit|p1a: thlammed
|-damage|p1a: thlammed|23/100
|move|p1a: thlammed|Frustration|p2a: Meloetta
|-damage|p2a: Meloetta|0 fnt
|faint|p2a: Meloetta
|
|upkeep
|inactive|Bouff has 270 seconds left.
|
|t:|1631461547
|switch|p2a: Cobalion|Cobalion|14/100 brn
|-damage|p2a: Cobalion|11/100 brn|[from] Stealth Rock
|turn|22
|inactive|Bouff has 270 seconds left.
|
|t:|1631461560
|move|p2a: Cobalion|Focus Blast|p1a: thlammed
|-supereffective|p1a: thlammed
|-damage|p1a: thlammed|0 fnt
|faint|p1a: thlammed
|
|-damage|p2a: Cobalion|0 fnt|[from] brn
|faint|p2a: Cobalion
|upkeep
|inactive|Bouff has 270 seconds left.
|
|t:|1631461572
|switch|p2a: Gligar|Gligar, M|72/100
|switch|p1a: Mismagius|Mismagius, M|39/100
|-damage|p1a: Mismagius|26/100|[from] Stealth Rock
|-damage|p2a: Gligar|59/100|[from] Stealth Rock
|turn|23
|
|t:|1631461578
|move|p1a: Mismagius|Pain Split|p2a: Gligar
|-sethp|p2a: Gligar|42/100|[from] move: Pain Split|[silent]
|-sethp|p1a: Mismagius|44/100|[from] move: Pain Split
|move|p2a: Gligar|U-turn|p1a: Mismagius
|-resisted|p1a: Mismagius
|-damage|p1a: Mismagius|33/100
|
|t:|1631461579
|switch|p2a: Zapdos|Zapdos|82/100 brn|[from]move: U-turn
|-damage|p2a: Zapdos|57/100 brn|[from] Stealth Rock
|-ability|p2a: Zapdos|Pressure
|
|-heal|p1a: Mismagius|39/100|[from] item: Leftovers
|-heal|p2a: Zapdos|63/100 brn|[from] item: Leftovers
|-damage|p2a: Zapdos|51/100 brn|[from] brn
|upkeep
|turn|24
|
|t:|1631461591
|move|p1a: Mismagius|Shadow Ball|p2a: Zapdos
|-damage|p2a: Zapdos|22/100 brn
|move|p2a: Zapdos|Thunderbolt|p1a: Mismagius
|-damage|p1a: Mismagius|2/100
|
|-heal|p1a: Mismagius|8/100|[from] item: Leftovers
|-heal|p2a: Zapdos|28/100 brn|[from] item: Leftovers
|-damage|p2a: Zapdos|16/100 brn|[from] brn
|upkeep
|turn|25
|c|☆Bouff|gg
|-message|Bouff forfeited.
|
|win|TSR
|c|☆TSR|gg
|c|☆Bouff|idk if that crit mattered
|c|☆Bouff|idt it did
|c|☆TSR|i had pursuit on hera so probably not 
|c|☆Bouff|ahh ok
