|inactive|Battle timer is ON: inactive players will automatically lose when time's up.
|t:|1644175165
|gametype|singles
|player|p1|Ojamazam|psychicf-gen4|
|player|p2|Voyagar|dawn|
|teamsize|p1|6
|teamsize|p2|6
|gen|5
|tier|[Gen 5] OU
|rule|Species Clause: Limit one of each Pokémon
|rule|OHKO Clause: OHKO moves are banned
|rule|Moody Clause: Moody is banned
|rule|Evasion Moves Clause: Evasion moves are banned
|rule|Endless Battle Clause: Forcing endless battles is banned
|rule|HP Percentage Mod: HP is shown in percentages
|rule|Evasion Abilities Clause: Evasion abilities are banned
|rule|Sleep Clause: Sleep-inducing moves are banned
|rule|Swagger Clause: Swagger is banned
|clearpoke
|poke|p1|Tyranitar, F|item
|poke|p1|Skarmory, M|item
|poke|p1|Jellicent, M|item
|poke|p1|Volcarona, F|item
|poke|p1|Mamoswine, F|item
|poke|p1|Alakazam, M|item
|poke|p2|Politoed, M|item
|poke|p2|Tentacruel, M|item
|poke|p2|Thundurus-Therian, M|item
|poke|p2|Ferrothorn, F|item
|poke|p2|Mamoswine, F|item
|poke|p2|Keldeo|item
|teampreview
|c|☆Voyagar|hf
|c|☆Ojamazam|=
|inactive|Ojamazam has 270 seconds left.
|inactive|Voyagar has 270 seconds left.
|
|t:|1644175219
|start
|switch|p1a: Skarmory|Skarmory, M, shiny|100/100
|switch|p2a: Tentacruel|Tentacruel, M|100/100
|turn|1
|
|t:|1644175227
|move|p2a: Tentacruel|Toxic Spikes|p1a: Skarmory
|-sidestart|p1: Ojamazam|move: Toxic Spikes
|move|p1a: Skarmory|Stealth Rock|p2a: Tentacruel
|-sidestart|p2: Voyagar|move: Stealth Rock
|
|upkeep
|turn|2
|
|t:|1644175235
|switch|p1a: Jellicent|Jellicent, M|100/100
|-item|p1a: Jellicent|Air Balloon
|move|p2a: Tentacruel|Toxic Spikes|p1a: Jellicent
|-sidestart|p1: Ojamazam|move: Toxic Spikes
|
|upkeep
|turn|3
|
|t:|1644175242
|switch|p2a: Thundurus|Thundurus-Therian, M|100/100
|-damage|p2a: Thundurus|76/100|[from] Stealth Rock
|move|p1a: Jellicent|Will-O-Wisp|p2a: Thundurus|[miss]
|-miss|p1a: Jellicent|p2a: Thundurus
|
|upkeep
|turn|4
|
|t:|1644175270
|switch|p1a: Tyranitar|Tyranitar, F, shiny|100/100
|-status|p1a: Tyranitar|tox
|-weather|Sandstorm|[from] ability: Sand Stream|[of] p1a: Tyranitar
|move|p2a: Thundurus|Focus Blast|p1a: Tyranitar|[miss]
|-miss|p2a: Thundurus|p1a: Tyranitar
|
|-weather|Sandstorm|[upkeep]
|-damage|p2a: Thundurus|69/100|[from] Sandstorm
|-damage|p1a: Tyranitar|94/100 tox|[from] psn
|upkeep
|turn|5
|
|t:|1644175275
|move|p2a: Thundurus|Focus Blast|p1a: Tyranitar
|-supereffective|p1a: Tyranitar
|-enditem|p1a: Tyranitar|Chople Berry|[eat]
|-enditem|p1a: Tyranitar|Chople Berry|[weaken]
|-damage|p1a: Tyranitar|44/100 tox
|move|p1a: Tyranitar|Ice Beam|p2a: Thundurus
|-supereffective|p2a: Thundurus
|-damage|p2a: Thundurus|14/100
|
|-weather|Sandstorm|[upkeep]
|-damage|p2a: Thundurus|7/100|[from] Sandstorm
|-damage|p1a: Tyranitar|32/100 tox|[from] psn
|upkeep
|turn|6
|
|t:|1644175278
|move|p2a: Thundurus|Thunder|p1a: Tyranitar|[miss]
|-miss|p2a: Thundurus|p1a: Tyranitar
|move|p1a: Tyranitar|Ice Beam|p2a: Thundurus
|-supereffective|p2a: Thundurus
|-damage|p2a: Thundurus|0 fnt
|faint|p2a: Thundurus
|
|-weather|Sandstorm|[upkeep]
|-damage|p1a: Tyranitar|13/100 tox|[from] psn
|upkeep
|
|t:|1644175282
|switch|p2a: Politoed|Politoed, M|100/100
|-damage|p2a: Politoed|88/100|[from] Stealth Rock
|-weather|RainDance|[from] ability: Drizzle|[of] p2a: Politoed
|turn|7
|
|t:|1644175286
|move|p2a: Politoed|Scald|p1a: Tyranitar
|-supereffective|p1a: Tyranitar
|-damage|p1a: Tyranitar|0 fnt
|faint|p1a: Tyranitar
|
|-weather|RainDance|[upkeep]
|-heal|p2a: Politoed|94/100|[from] item: Leftovers
|upkeep
|
|t:|1644175301
|switch|p1a: Skarmory|Skarmory, M, shiny|100/100
|turn|8
|
|t:|1644175309
|switch|p2a: Tentacruel|Tentacruel, M|100/100
|-damage|p2a: Tentacruel|88/100|[from] Stealth Rock
|move|p1a: Skarmory|Spikes|p2a: Tentacruel
|-sidestart|p2: Voyagar|Spikes
|
|-weather|RainDance|[upkeep]
|-heal|p2a: Tentacruel|94/100|[from] ability: Rain Dish
|-heal|p2a: Tentacruel|99/100|[from] item: Black Sludge
|upkeep
|turn|9
|
|t:|1644175312
|switch|p1a: Jellicent|Jellicent, M|100/100
|-item|p1a: Jellicent|Air Balloon
|move|p2a: Tentacruel|Rapid Spin|p1a: Jellicent
|-immune|p1a: Jellicent
|
|-weather|RainDance|[upkeep]
|-heal|p2a: Tentacruel|100/100|[from] ability: Rain Dish
|upkeep
|turn|10
|
|t:|1644175315
|switch|p2a: Ferrothorn|Ferrothorn, F|100/100
|-damage|p2a: Ferrothorn|94/100|[from] Stealth Rock
|-damage|p2a: Ferrothorn|82/100|[from] Spikes
|move|p1a: Jellicent|Will-O-Wisp|p2a: Ferrothorn
|-status|p2a: Ferrothorn|brn
|
|-weather|RainDance|[upkeep]
|-heal|p2a: Ferrothorn|88/100 brn|[from] item: Leftovers
|-damage|p2a: Ferrothorn|75/100 brn|[from] brn
|upkeep
|turn|11
|
|t:|1644175326
|switch|p1a: Volcarona|Volcarona, F|100/100
|-status|p1a: Volcarona|tox
|move|p2a: Ferrothorn|Stealth Rock|p1a: Volcarona
|-sidestart|p1: Ojamazam|move: Stealth Rock
|
|-weather|RainDance|[upkeep]
|-heal|p2a: Ferrothorn|82/100 brn|[from] item: Leftovers
|-damage|p1a: Volcarona|94/100 tox|[from] psn
|-damage|p2a: Ferrothorn|69/100 brn|[from] brn
|upkeep
|turn|12
|
|t:|1644175329
|switch|p2a: Tentacruel|Tentacruel, M|100/100
|-damage|p2a: Tentacruel|88/100|[from] Stealth Rock
|-damage|p2a: Tentacruel|76/100|[from] Spikes
|move|p1a: Volcarona|Psychic|p2a: Tentacruel
|-supereffective|p2a: Tentacruel
|-damage|p2a: Tentacruel|23/100
|
|-weather|RainDance|[upkeep]
|-heal|p2a: Tentacruel|29/100|[from] ability: Rain Dish
|-heal|p2a: Tentacruel|35/100|[from] item: Black Sludge
|-damage|p1a: Volcarona|82/100 tox|[from] psn
|upkeep
|turn|13
|
|t:|1644175335
|switch|p2a: Politoed|Politoed, M|94/100
|-damage|p2a: Politoed|82/100|[from] Stealth Rock
|-damage|p2a: Politoed|69/100|[from] Spikes
|switch|p1a: Jellicent|Jellicent, M|100/100
|-damage|p1a: Jellicent|88/100|[from] Stealth Rock
|-item|p1a: Jellicent|Air Balloon
|
|-weather|RainDance|[upkeep]
|-heal|p2a: Politoed|75/100|[from] item: Leftovers
|upkeep
|turn|14
|
|t:|1644175340
|move|p2a: Politoed|Protect|p2a: Politoed
|-singleturn|p2a: Politoed|Protect
|move|p1a: Jellicent|Taunt|p2a: Politoed
|-activate|p2a: Politoed|move: Protect
|
|-weather|RainDance|[upkeep]
|-heal|p2a: Politoed|82/100|[from] item: Leftovers
|upkeep
|turn|15
|
|t:|1644175344
|switch|p2a: Ferrothorn|Ferrothorn, F|69/100 brn
|-damage|p2a: Ferrothorn|57/100 brn|[from] Spikes
|-damage|p2a: Ferrothorn|50/100 brn|[from] Stealth Rock
|move|p1a: Jellicent|Taunt|p2a: Ferrothorn
|-start|p2a: Ferrothorn|move: Taunt
|
|-weather|RainDance|[upkeep]
|-heal|p2a: Ferrothorn|57/100 brn|[from] item: Leftovers
|-damage|p2a: Ferrothorn|44/100 brn|[from] brn
|upkeep
|turn|16
|
|t:|1644175349
|switch|p1a: Skarmory|Skarmory, M, shiny|100/100
|-damage|p1a: Skarmory|88/100|[from] Stealth Rock
|move|p2a: Ferrothorn|Knock Off|p1a: Skarmory
|-resisted|p1a: Skarmory
|-damage|p1a: Skarmory|87/100
|-enditem|p1a: Skarmory|Salac Berry|[from] move: Knock Off|[of] p2a: Ferrothorn
|
|-weather|RainDance|[upkeep]
|-heal|p2a: Ferrothorn|50/100 brn|[from] item: Leftovers
|-damage|p2a: Ferrothorn|38/100 brn|[from] brn
|upkeep
|turn|17
|
|t:|1644175358
|switch|p2a: Politoed|Politoed, M|82/100
|-damage|p2a: Politoed|69/100|[from] Spikes
|-damage|p2a: Politoed|57/100|[from] Stealth Rock
|move|p1a: Skarmory|Spikes|p2a: Politoed
|-sidestart|p2: Voyagar|Spikes
|
|-weather|RainDance|[upkeep]
|-heal|p2a: Politoed|63/100|[from] item: Leftovers
|upkeep
|turn|18
|
|t:|1644175370
|move|p1a: Skarmory|Brave Bird|p2a: Politoed
|-crit|p2a: Politoed
|-damage|p2a: Politoed|0 fnt
|faint|p2a: Politoed
|-damage|p1a: Skarmory|54/100|[from] Recoil
|
|-weather|RainDance|[upkeep]
|upkeep
|
|t:|1644175377
|switch|p2a: Mamoswine|Mamoswine, F|100/100
|-damage|p2a: Mamoswine|84/100|[from] Spikes
|-damage|p2a: Mamoswine|71/100|[from] Stealth Rock
|turn|19
|
|t:|1644175380
|move|p1a: Skarmory|Brave Bird|p2a: Mamoswine
|-damage|p2a: Mamoswine|17/100
|-damage|p1a: Skarmory|27/100|[from] Recoil
|move|p2a: Mamoswine|Icicle Crash|p1a: Skarmory|[miss]
|-miss|p2a: Mamoswine|p1a: Skarmory
|
|-weather|RainDance|[upkeep]
|upkeep
|turn|20
|
|t:|1644175384
|move|p2a: Mamoswine|Ice Shard|p1a: Skarmory
|-damage|p1a: Skarmory|0 fnt
|faint|p1a: Skarmory
|
|-weather|RainDance|[upkeep]
|upkeep
|c|☆Ojamazam|mb
|
|t:|1644175399
|switch|p1a: Volcarona|Volcarona, F|82/100 tox
|-damage|p1a: Volcarona|32/100 tox|[from] Stealth Rock
|-enditem|p1a: Volcarona|Sitrus Berry|[eat]
|-heal|p1a: Volcarona|57/100 tox|[from] item: Sitrus Berry
|turn|21
|
|t:|1644175403
|move|p1a: Volcarona|Psychic|p2a: Mamoswine
|-damage|p2a: Mamoswine|0 fnt
|faint|p2a: Mamoswine
|
|-weather|RainDance|[upkeep]
|-damage|p1a: Volcarona|51/100 tox|[from] psn
|upkeep
|
|t:|1644175406
|switch|p2a: Keldeo|Keldeo|100/100
|-damage|p2a: Keldeo|94/100|[from] Stealth Rock
|-damage|p2a: Keldeo|78/100|[from] Spikes
|turn|22
|
|t:|1644175414
|move|p2a: Keldeo|Hydro Pump|p1a: Volcarona
|-supereffective|p1a: Volcarona
|-damage|p1a: Volcarona|0 fnt
|faint|p1a: Volcarona
|
|-weather|RainDance|[upkeep]
|-heal|p2a: Keldeo|84/100|[from] item: Leftovers
|upkeep
|
|t:|1644175417
|switch|p1a: Jellicent|Jellicent, M|88/100
|-damage|p1a: Jellicent|76/100|[from] Stealth Rock
|-item|p1a: Jellicent|Air Balloon
|turn|23
|
|t:|1644175419
|move|p2a: Keldeo|Substitute|p2a: Keldeo
|-start|p2a: Keldeo|Substitute
|-damage|p2a: Keldeo|59/100
|move|p1a: Jellicent|Night Shade|p2a: Keldeo
|-end|p2a: Keldeo|Substitute
|
|-weather|RainDance|[upkeep]
|-heal|p2a: Keldeo|66/100|[from] item: Leftovers
|upkeep
|turn|24
|
|t:|1644175423
|switch|p2a: Tentacruel|Tentacruel, M|35/100
|-damage|p2a: Tentacruel|19/100|[from] Spikes
|-damage|p2a: Tentacruel|6/100|[from] Stealth Rock
|move|p1a: Jellicent|Night Shade|p2a: Tentacruel
|-damage|p2a: Tentacruel|0 fnt
|faint|p2a: Tentacruel
|
|-weather|RainDance|[upkeep]
|upkeep
|
|t:|1644175425
|switch|p2a: Ferrothorn|Ferrothorn, F|38/100 brn
|-damage|p2a: Ferrothorn|32/100 brn|[from] Stealth Rock
|-damage|p2a: Ferrothorn|15/100 brn|[from] Spikes
|turn|25
|
|t:|1644175435
|switch|p1a: Ojamazam|Alakazam, M, shiny|100/100
|-status|p1a: Ojamazam|tox
|move|p2a: Ferrothorn|Power Whip|p1a: Ojamazam
|-damage|p1a: Ojamazam|52/100 tox
|
|-weather|RainDance|[upkeep]
|-heal|p2a: Ferrothorn|22/100 brn|[from] item: Leftovers
|-damage|p2a: Ferrothorn|9/100 brn|[from] brn
|upkeep
|turn|26
|
|t:|1644175444
|move|p1a: Ojamazam|Hidden Power|p2a: Ferrothorn
|-damage|p2a: Ferrothorn|0 fnt
|faint|p2a: Ferrothorn
|
|-weather|RainDance|[upkeep]
|upkeep
|
|t:|1644175472
|switch|p2a: Keldeo|Keldeo|66/100
|-damage|p2a: Keldeo|49/100|[from] Spikes
|-damage|p2a: Keldeo|43/100|[from] Stealth Rock
|turn|27
|
|t:|1644175474
|move|p1a: Ojamazam|Psyshock|p2a: Keldeo
|-supereffective|p2a: Keldeo
|-damage|p2a: Keldeo|0 fnt
|faint|p2a: Keldeo
|
|win|Ojamazam
|player|p2|Voyagar|dawn
