|inactive|Battle timer is ON: inactive players will automatically lose when time's up.
|t:|1640750625
|gametype|singles
|player|p1|Lily|unknownf|
|player|p2|ford focus 2021|picnicker|
|teamsize|p1|6
|teamsize|p2|6
|gen|5
|tier|[Gen 5] UU
|rule|Species Clause: Limit one of each Pokémon
|rule|OHKO Clause: OHKO moves are banned
|rule|Moody Clause: Moody is banned
|rule|Evasion Moves Clause: Evasion moves are banned
|rule|Endless Battle Clause: Forcing endless battles is banned
|rule|HP Percentage Mod: HP is shown in percentages
|rule|Evasion Abilities Clause: Evasion abilities are banned
|rule|Swagger Clause: Swagger is banned
|rule|Sleep Clause Mod: Limit one foe put to sleep
|clearpoke
|poke|p1|Azelf|item
|poke|p1|Accelgor, M|item
|poke|p1|Kingdra, M|item
|poke|p1|Linoone, F|item
|poke|p1|Mew|item
|poke|p1|Cobalion|item
|poke|p2|Zoroark, F|item
|poke|p2|Mienshao, F|item
|poke|p2|Victini|item
|poke|p2|Nidoqueen, F|item
|poke|p2|Bronzong|item
|poke|p2|Blastoise, F|item
|teampreview
|
|t:|1640750651
|start
|switch|p1a: Ruby Delusions|Accelgor, M|100/100
|switch|p2a: Bronzong|Bronzong|100/100
|turn|1
|
|t:|1640750670
|move|p1a: Ruby Delusions|Spikes|p2a: Bronzong
|-sidestart|p2: ford focus 2021|Spikes
|move|p2a: Bronzong|Flamethrower|p1a: Ruby Delusions
|-supereffective|p1a: Ruby Delusions
|-enditem|p1a: Ruby Delusions|Focus Sash
|-damage|p1a: Ruby Delusions|1/100
|
|upkeep
|turn|2
|
|t:|1640750676
|move|p1a: Ruby Delusions|Bug Buzz|p2a: Bronzong
|-supereffective|p2a: Bronzong
|-damage|p2a: Bronzong|0 fnt
|replace|p2a: Zoroark|Zoroark, F
|-end|p2a: Zoroark|Illusion
|faint|p2a: Zoroark
|
|upkeep
|
|t:|1640750678
|switch|p2a: Blastoise|Blastoise, F|100/100
|-damage|p2a: Blastoise|88/100|[from] Spikes
|turn|3
|
|t:|1640750680
|move|p1a: Ruby Delusions|Final Gambit|p2a: Blastoise
|-damage|p2a: Blastoise|88/100
|faint|p1a: Ruby Delusions
|move|p2a: Blastoise|Rapid Spin|p1: Ruby Delusions|[notarget]
|-fail|p2a: Blastoise
|
|-heal|p2a: Blastoise|94/100|[from] item: Leftovers
|upkeep
|
|t:|1640750691
|switch|p1a: Flying Battery|Azelf|100/100
|turn|4
|
|t:|1640750692
|move|p1a: Flying Battery|Explosion|p2a: Blastoise
|-damage|p2a: Blastoise|45/100
|faint|p1a: Flying Battery
|move|p2a: Blastoise|Rapid Spin|p1: Flying Battery|[notarget]
|-fail|p2a: Blastoise
|
|-heal|p2a: Blastoise|51/100|[from] item: Leftovers
|upkeep
|
|t:|1640750698
|switch|p1a: Studiopolis|Mew|100/100
|turn|5
|
|t:|1640750700
|move|p1a: Studiopolis|Nasty Plot|p1a: Studiopolis
|-boost|p1a: Studiopolis|spa|2
|move|p2a: Blastoise|Roar|p1a: Studiopolis
|drag|p1a: Stardust Speedway|Linoone, F|100/100
|
|-heal|p2a: Blastoise|57/100|[from] item: Leftovers
|upkeep
|turn|6
|
|t:|1640750704
|move|p1a: Stardust Speedway|Seed Bomb|p2a: Blastoise
|-supereffective|p2a: Blastoise
|-damage|p2a: Blastoise|31/100
|move|p2a: Blastoise|Rapid Spin|p1a: Stardust Speedway
|-crit|p1a: Stardust Speedway
|-damage|p1a: Stardust Speedway|92/100
|-sideend|p2: ford focus 2021|Spikes|[from] move: Rapid Spin|[of] p2a: Blastoise
|
|-heal|p2a: Blastoise|37/100|[from] item: Leftovers
|upkeep
|turn|7
|
|t:|1640750710
|switch|p2a: Bronzong|Bronzong|100/100
|move|p1a: Stardust Speedway|Seed Bomb|p2a: Bronzong
|-resisted|p2a: Bronzong
|-damage|p2a: Bronzong|91/100
|
|-heal|p2a: Bronzong|98/100|[from] item: Leftovers
|upkeep
|turn|8
|
|t:|1640750713
|switch|p1a: Metallic Madness|Cobalion|100/100
|move|p2a: Bronzong|Stealth Rock|p1a: Metallic Madness
|-sidestart|p1: Lily|move: Stealth Rock
|
|-heal|p2a: Bronzong|100/100|[from] item: Leftovers
|upkeep
|turn|9
|
|t:|1640750719
|switch|p2a: Nidoqueen|Nidoqueen, F|100/100
|move|p1a: Metallic Madness|Swords Dance|p1a: Metallic Madness
|-boost|p1a: Metallic Madness|atk|2
|
|upkeep
|turn|10
|
|t:|1640750722
|move|p1a: Metallic Madness|Iron Head|p2a: Nidoqueen
|-damage|p2a: Nidoqueen|32/100
|move|p2a: Nidoqueen|Fire Blast|p1a: Metallic Madness
|-supereffective|p1a: Metallic Madness
|-damage|p1a: Metallic Madness|0 fnt
|faint|p1a: Metallic Madness
|
|upkeep
|
|t:|1640750731
|switch|p1a: Hydrocity|Kingdra, M|100/100
|-damage|p1a: Hydrocity|88/100|[from] Stealth Rock
|turn|11
|
|t:|1640750733
|move|p1a: Hydrocity|Dragon Dance|p1a: Hydrocity
|-boost|p1a: Hydrocity|atk|1
|-boost|p1a: Hydrocity|spe|1
|move|p2a: Nidoqueen|Earth Power|p1a: Hydrocity
|-damage|p1a: Hydrocity|11/100
|
|upkeep
|turn|12
|
|t:|1640750735
|move|p1a: Hydrocity|Waterfall|p2a: Nidoqueen
|-supereffective|p2a: Nidoqueen
|-damage|p2a: Nidoqueen|0 fnt
|faint|p2a: Nidoqueen
|
|upkeep
|
|t:|1640750737
|switch|p2a: Mienshao|Mienshao, F|100/100
|turn|13
|
|t:|1640750740
|move|p2a: Mienshao|U-turn|p1a: Hydrocity
|-damage|p1a: Hydrocity|0 fnt
|faint|p1a: Hydrocity
|
|t:|1640750744
|switch|p2a: Blastoise|Blastoise, F|37/100|[from]move: U-turn
|
|-heal|p2a: Blastoise|43/100|[from] item: Leftovers
|upkeep
|
|t:|1640750747
|switch|p1a: Stardust Speedway|Linoone, F|92/100
|-damage|p1a: Stardust Speedway|80/100|[from] Stealth Rock
|turn|14
|
|t:|1640750749
|move|p1a: Stardust Speedway|Belly Drum|p1a: Stardust Speedway
|-damage|p1a: Stardust Speedway|30/100
|-setboost|p1a: Stardust Speedway|atk|6|[from] move: Belly Drum
|-enditem|p1a: Stardust Speedway|Sitrus Berry|[eat]
|-heal|p1a: Stardust Speedway|55/100|[from] item: Sitrus Berry
|move|p2a: Blastoise|Roar|p1a: Stardust Speedway
|drag|p1a: Studiopolis|Mew|100/100
|-damage|p1a: Studiopolis|88/100|[from] Stealth Rock
|
|-heal|p2a: Blastoise|49/100|[from] item: Leftovers
|upkeep
|turn|15
|
|t:|1640750751
|move|p1a: Studiopolis|Nasty Plot|p1a: Studiopolis
|-boost|p1a: Studiopolis|spa|2
|move|p2a: Blastoise|Roar|p1a: Studiopolis
|drag|p1a: Stardust Speedway|Linoone, F|55/100
|-damage|p1a: Stardust Speedway|42/100|[from] Stealth Rock
|
|-heal|p2a: Blastoise|55/100|[from] item: Leftovers
|upkeep
|turn|16
|
|t:|1640750752
|move|p1a: Stardust Speedway|Seed Bomb|p2a: Blastoise
|-supereffective|p2a: Blastoise
|-damage|p2a: Blastoise|26/100
|move|p2a: Blastoise|Roar|p1a: Stardust Speedway
|drag|p1a: Studiopolis|Mew|88/100
|-damage|p1a: Studiopolis|76/100|[from] Stealth Rock
|
|-heal|p2a: Blastoise|32/100|[from] item: Leftovers
|upkeep
|turn|17
|
|t:|1640750754
|move|p1a: Studiopolis|Psychic|p2a: Blastoise
|-damage|p2a: Blastoise|0 fnt
|faint|p2a: Blastoise
|
|upkeep
|
|t:|1640750756
|switch|p2a: Victini|Victini|100/100
|turn|18
|
|t:|1640750759
|move|p2a: Victini|Blue Flare|p1a: Studiopolis
|-damage|p1a: Studiopolis|2/100
|-status|p1a: Studiopolis|brn
|-activate|p1a: Studiopolis|ability: Synchronize
|-immune|p2a: Victini
|-damage|p2a: Victini|91/100|[from] item: Life Orb
|move|p1a: Studiopolis|Rock Polish|p1a: Studiopolis
|-boost|p1a: Studiopolis|spe|2
|
|-damage|p1a: Studiopolis|0 fnt|[from] brn
|faint|p1a: Studiopolis
|upkeep
|
|t:|1640750762
|switch|p1a: Stardust Speedway|Linoone, F|42/100
|-damage|p1a: Stardust Speedway|30/100|[from] Stealth Rock
|turn|19
|
|t:|1640750766
|move|p1a: Stardust Speedway|Extreme Speed|p2a: Victini
|-damage|p2a: Victini|60/100
|move|p2a: Victini|Psychic|p1a: Stardust Speedway
|-damage|p1a: Stardust Speedway|0 fnt
|faint|p1a: Stardust Speedway
|-damage|p2a: Victini|50/100|[from] item: Life Orb
|
|win|ford focus 2021
