|inactive|Battle timer is ON: inactive players will automatically lose when time's up.
|t:|1644174044
|gametype|singles
|player|p1|Dababy2|lucas-gen4pt|
|player|p2|mars and back|rosa|
|teamsize|p1|6
|teamsize|p2|6
|gen|5
|tier|[Gen 5] OU
|rule|Species Clause: Limit one of each Pokémon
|rule|OHKO Clause: OHKO moves are banned
|rule|Moody Clause: Moody is banned
|rule|Evasion Moves Clause: Evasion moves are banned
|rule|Endless Battle Clause: Forcing endless battles is banned
|rule|HP Percentage Mod: HP is shown in percentages
|rule|Evasion Abilities Clause: Evasion abilities are banned
|rule|Sleep Clause: Sleep-inducing moves are banned
|rule|Swagger Clause: Swagger is banned
|clearpoke
|poke|p1|Thundurus-Therian, M|item
|poke|p1|Starmie|item
|poke|p1|Ferrothorn, F|item
|poke|p1|Dragonite, M|item
|poke|p1|Latios, M|item
|poke|p1|Rotom-Wash|item
|poke|p2|Garchomp, M|item
|poke|p2|Ferrothorn, F|item
|poke|p2|Alakazam, F|item
|poke|p2|Latios, M|item
|poke|p2|Gliscor, M|item
|poke|p2|Tyranitar, F|item
|teampreview
|inactive|mars and back also wants the timer to be on.
|c|☆Dababy2|SHeeeesh
|c|☆mars and back|oh hell nah
|
|t:|1644174055
|start
|switch|p1a: Mr. Clean|Rotom-Wash|100/100
|switch|p2a: Gliscor|Gliscor, M|100/100
|turn|1
|
|t:|1644174060
|move|p2a: Gliscor|Protect|p2a: Gliscor
|-singleturn|p2a: Gliscor|Protect
|move|p1a: Mr. Clean|Hydro Pump|p2a: Gliscor
|-activate|p2a: Gliscor|move: Protect
|
|-status|p2a: Gliscor|tox|[from] item: Toxic Orb
|upkeep
|turn|2
|
|t:|1644174063
|move|p2a: Gliscor|Stealth Rock|p1a: Mr. Clean
|-sidestart|p1: Dababy2|move: Stealth Rock
|move|p1a: Mr. Clean|Rain Dance|p1a: Mr. Clean
|-weather|RainDance
|
|-weather|RainDance|[upkeep]
|upkeep
|turn|3
|
|t:|1644174067
|switch|p2a: Ferrothorn|Ferrothorn, F|100/100
|move|p1a: Mr. Clean|Hydro Pump|p2a: Ferrothorn
|-resisted|p2a: Ferrothorn
|-damage|p2a: Ferrothorn|72/100
|
|-weather|RainDance|[upkeep]
|-heal|p2a: Ferrothorn|78/100|[from] item: Leftovers
|upkeep
|turn|4
|
|t:|1644174069
|move|p1a: Mr. Clean|Will-O-Wisp|p2a: Ferrothorn
|-status|p2a: Ferrothorn|brn
|move|p2a: Ferrothorn|Power Whip|p1a: Mr. Clean
|-supereffective|p1a: Mr. Clean
|-damage|p1a: Mr. Clean|61/100
|
|-weather|RainDance|[upkeep]
|-heal|p2a: Ferrothorn|84/100 brn|[from] item: Leftovers
|-damage|p2a: Ferrothorn|72/100 brn|[from] brn
|upkeep
|turn|5
|
|t:|1644174075
|switch|p1a: Thorn to Shreds|Ferrothorn, F|100/100
|-damage|p1a: Thorn to Shreds|94/100|[from] Stealth Rock
|move|p2a: Ferrothorn|Thunder Wave|p1a: Thorn to Shreds
|-status|p1a: Thorn to Shreds|par
|
|-weather|RainDance|[upkeep]
|-heal|p2a: Ferrothorn|78/100 brn|[from] item: Leftovers
|-heal|p1a: Thorn to Shreds|100/100 par|[from] item: Leftovers
|-damage|p2a: Ferrothorn|65/100 brn|[from] brn
|upkeep
|turn|6
|
|t:|1644174078
|switch|p2a: Gliscor|Gliscor, M|100/100 tox
|move|p1a: Thorn to Shreds|Stealth Rock|p2a: Gliscor
|-sidestart|p2: mars and back|move: Stealth Rock
|
|-weather|RainDance|[upkeep]
|upkeep
|turn|7
|
|t:|1644174081
|move|p2a: Gliscor|Earthquake|p1a: Thorn to Shreds
|-damage|p1a: Thorn to Shreds|73/100 par
|move|p1a: Thorn to Shreds|Gyro Ball|p2a: Gliscor
|-damage|p2a: Gliscor|59/100 tox
|
|-weather|RainDance|[upkeep]
|-heal|p1a: Thorn to Shreds|79/100 par|[from] item: Leftovers
|-heal|p2a: Gliscor|71/100 tox|[from] ability: Poison Heal
|upkeep
|turn|8
|
|t:|1644174085
|move|p2a: Gliscor|Earthquake|p1a: Thorn to Shreds
|-damage|p1a: Thorn to Shreds|54/100 par
|cant|p1a: Thorn to Shreds|par
|
|-weather|RainDance|[upkeep]
|-heal|p1a: Thorn to Shreds|61/100 par|[from] item: Leftovers
|-heal|p2a: Gliscor|84/100 tox|[from] ability: Poison Heal
|upkeep
|turn|9
|
|t:|1644174088
|move|p2a: Gliscor|Earthquake|p1a: Thorn to Shreds
|-damage|p1a: Thorn to Shreds|34/100 par
|move|p1a: Thorn to Shreds|Gyro Ball|p2a: Gliscor
|-damage|p2a: Gliscor|35/100 tox
|
|-weather|none
|-heal|p1a: Thorn to Shreds|41/100 par|[from] item: Leftovers
|-heal|p2a: Gliscor|48/100 tox|[from] ability: Poison Heal
|upkeep
|turn|10
|
|t:|1644174091
|move|p2a: Gliscor|Protect|p2a: Gliscor
|-singleturn|p2a: Gliscor|Protect
|move|p1a: Thorn to Shreds|Gyro Ball|p2a: Gliscor
|-activate|p2a: Gliscor|move: Protect
|
|-heal|p1a: Thorn to Shreds|47/100 par|[from] item: Leftovers
|-heal|p2a: Gliscor|60/100 tox|[from] ability: Poison Heal
|upkeep
|turn|11
|
|t:|1644174092
|move|p2a: Gliscor|Earthquake|p1a: Thorn to Shreds
|-damage|p1a: Thorn to Shreds|20/100 par
|move|p1a: Thorn to Shreds|Gyro Ball|p2a: Gliscor
|-damage|p2a: Gliscor|16/100 tox
|
|-heal|p1a: Thorn to Shreds|27/100 par|[from] item: Leftovers
|-heal|p2a: Gliscor|29/100 tox|[from] ability: Poison Heal
|upkeep
|turn|12
|
|t:|1644174096
|move|p2a: Gliscor|Earthquake|p1a: Thorn to Shreds
|-damage|p1a: Thorn to Shreds|0 fnt
|faint|p1a: Thorn to Shreds
|
|-heal|p2a: Gliscor|41/100 tox|[from] ability: Poison Heal
|upkeep
|
|t:|1644174098
|switch|p1a: Worldstar|Starmie|100/100
|-damage|p1a: Worldstar|88/100|[from] Stealth Rock
|turn|13
|
|t:|1644174101
|switch|p2a: Tyranitar|Tyranitar, F|100/100
|-damage|p2a: Tyranitar|88/100|[from] Stealth Rock
|-weather|Sandstorm|[from] ability: Sand Stream|[of] p2a: Tyranitar
|move|p1a: Worldstar|Rapid Spin|p2a: Tyranitar
|-resisted|p2a: Tyranitar
|-damage|p2a: Tyranitar|87/100
|-sideend|p1: Dababy2|Stealth Rock|[from] move: Rapid Spin|[of] p1a: Worldstar
|
|-weather|Sandstorm|[upkeep]
|-damage|p1a: Worldstar|82/100|[from] Sandstorm
|upkeep
|turn|14
|
|t:|1644174106
|move|p1a: Worldstar|Hydro Pump|p2a: Tyranitar
|-supereffective|p2a: Tyranitar
|-damage|p2a: Tyranitar|21/100
|move|p2a: Tyranitar|Pursuit|p1a: Worldstar
|-supereffective|p1a: Worldstar
|-damage|p1a: Worldstar|17/100
|
|-weather|Sandstorm|[upkeep]
|-damage|p1a: Worldstar|11/100|[from] Sandstorm
|upkeep
|turn|15
|
|t:|1644174113
|move|p1a: Worldstar|Hydro Pump|p2a: Tyranitar
|-supereffective|p2a: Tyranitar
|-damage|p2a: Tyranitar|0 fnt
|faint|p2a: Tyranitar
|
|-weather|Sandstorm|[upkeep]
|-damage|p1a: Worldstar|5/100|[from] Sandstorm
|upkeep
|c|☆Dababy2|Mate
|c|☆Dababy2|I'm RAW
|c|☆Dababy2|I DONT SWITCH OUT
|
|t:|1644174119
|switch|p2a: Alakazam|Alakazam, F|100/100
|turn|16
|c|☆Dababy2|QUIT PURSUITING ME
|
|t:|1644174125
|move|p2a: Alakazam|Psyshock|p1a: Worldstar
|-resisted|p1a: Worldstar
|-damage|p1a: Worldstar|0 fnt
|faint|p1a: Worldstar
|
|-weather|Sandstorm|[upkeep]
|upkeep
|
|t:|1644174126
|switch|p1a: Mr. Clean|Rotom-Wash|61/100
|turn|17
|c|☆mars and back|mate idc
|
|t:|1644174133
|switch|p2a: Ferrothorn|Ferrothorn, F|65/100 brn
|-damage|p2a: Ferrothorn|59/100 brn|[from] Stealth Rock
|move|p1a: Mr. Clean|Rain Dance|p1a: Mr. Clean
|-weather|RainDance
|
|-weather|RainDance|[upkeep]
|-heal|p2a: Ferrothorn|65/100 brn|[from] item: Leftovers
|-damage|p2a: Ferrothorn|53/100 brn|[from] brn
|upkeep
|turn|18
|
|t:|1644174140
|switch|p1a: OKC|Thundurus-Therian, M|100/100
|switch|p2a: Latios|Latios, M|100/100
|-damage|p2a: Latios|88/100|[from] Stealth Rock
|
|-weather|RainDance|[upkeep]
|upkeep
|turn|19
|c|☆mars and back|in ur head
|
|t:|1644174144
|switch|p1a: Mr. Clean|Rotom-Wash|61/100
|move|p2a: Latios|Draco Meteor|p1a: Mr. Clean
|-damage|p1a: Mr. Clean|0 fnt
|-unboost|p2a: Latios|spa|2
|faint|p1a: Mr. Clean
|
|-weather|RainDance|[upkeep]
|upkeep
|
|t:|1644174147
|switch|p1a: OKC|Thundurus-Therian, M|100/100
|turn|20
|
|t:|1644174151
|move|p2a: Latios|Draco Meteor|p1a: OKC|[miss]
|-miss|p2a: Latios|p1a: OKC
|move|p1a: OKC|Agility|p1a: OKC
|-boost|p1a: OKC|spe|2
|
|-weather|RainDance|[upkeep]
|upkeep
|turn|21
|
|t:|1644174153
|switch|p2a: Ferrothorn|Ferrothorn, F|53/100 brn
|-damage|p2a: Ferrothorn|47/100 brn|[from] Stealth Rock
|move|p1a: OKC|Hidden Power|p2a: Ferrothorn
|-enditem|p1a: OKC|Ice Gem|[from] gem
|-damage|p2a: Ferrothorn|17/100 brn
|
|-weather|RainDance|[upkeep]
|-heal|p2a: Ferrothorn|23/100 brn|[from] item: Leftovers
|-damage|p2a: Ferrothorn|11/100 brn|[from] brn
|upkeep
|turn|22
|
|t:|1644174156
|move|p1a: OKC|Hidden Power|p2a: Ferrothorn
|-damage|p2a: Ferrothorn|0 fnt
|faint|p2a: Ferrothorn
|
|-weather|RainDance|[upkeep]
|upkeep
|
|t:|1644174164
|switch|p2a: Latios|Latios, M|88/100
|-damage|p2a: Latios|76/100|[from] Stealth Rock
|turn|23
|
|t:|1644174168
|move|p1a: OKC|Hidden Power|p2a: Latios
|-supereffective|p2a: Latios
|-damage|p2a: Latios|14/100
|move|p2a: Latios|Draco Meteor|p1a: OKC
|-damage|p1a: OKC|5/100
|-unboost|p2a: Latios|spa|2
|
|-weather|RainDance|[upkeep]
|upkeep
|turn|24
|
|t:|1644174175
|move|p1a: OKC|Hidden Power|p2a: Latios
|-supereffective|p2a: Latios
|-damage|p2a: Latios|0 fnt
|faint|p2a: Latios
|
|-weather|none
|upkeep
|c|☆mars and back|wish i 
|c|☆mars and back|could get a dodge
|c|☆Dababy2|Didnt sac tar
|c|☆mars and back|shut up
|c|☆Dababy2|Lmao
|c|☆mars and back|idiot guy
|
|t:|1644174193
|switch|p2a: Alakazam|Alakazam, F|100/100
|turn|25
|c|☆Dababy2|Lmaoooo
|
|t:|1644174198
|move|p1a: OKC|Hidden Power|p2a: Alakazam
|-damage|p2a: Alakazam|55/100
|move|p2a: Alakazam|Psyshock|p1a: OKC
|-damage|p1a: OKC|0 fnt
|faint|p1a: OKC
|
|upkeep
|
|t:|1644174202
|switch|p1a: Deez|Dragonite, M|100/100
|turn|26
|
|t:|1644174205
|move|p2a: Alakazam|Hidden Power|p1a: Deez
|-supereffective|p1a: Deez
|-damage|p1a: Deez|52/100
|move|p1a: Deez|Dragon Dance|p1a: Deez
|-boost|p1a: Deez|atk|1
|-boost|p1a: Deez|spe|1
|
|upkeep
|turn|27
|
|t:|1644174210
|switch|p2a: Garchomp|Garchomp, M|100/100
|-damage|p2a: Garchomp|94/100|[from] Stealth Rock
|move|p1a: Deez|Extreme Speed|p2a: Garchomp
|-damage|p2a: Garchomp|49/100
|-damage|p1a: Deez|39/100|[from] ability: Rough Skin|[of] p2a: Garchomp
|
|upkeep
|turn|28
|c|☆mars and back|ye
|c|☆mars and back|eat that
|
|t:|1644174216
|switch|p2a: Gliscor|Gliscor, M|41/100 tox
|-damage|p2a: Gliscor|29/100 tox|[from] Stealth Rock
|move|p1a: Deez|Outrage|p2a: Gliscor
|-damage|p2a: Gliscor|0 fnt
|faint|p2a: Gliscor
|
|upkeep
|
|t:|1644174221
|switch|p2a: Garchomp|Garchomp, M|49/100
|-damage|p2a: Garchomp|43/100|[from] Stealth Rock
|turn|29
|
|t:|1644174223
|move|p1a: Deez|Outrage|p2a: Garchomp|[from]lockedmove
|-supereffective|p2a: Garchomp
|-damage|p2a: Garchomp|0 fnt
|-damage|p1a: Deez|27/100|[from] ability: Rough Skin|[of] p2a: Garchomp
|faint|p2a: Garchomp
|
|upkeep
|
|t:|1644174225
|switch|p2a: Alakazam|Alakazam, F|55/100
|turn|30
|
|t:|1644174227
|move|p1a: Deez|Outrage|p2a: Alakazam|[from]lockedmove
|-damage|p2a: Alakazam|0 fnt
|faint|p2a: Alakazam
|-start|p1a: Deez|confusion|[fatigue]
|
|win|Dababy2
