|inactive|Battle timer is ON: inactive players will automatically lose when time's up.
|t:|1644176269
|gametype|singles
|player|p1|Padox|lady-gen4|
|player|p2|Crystal_00|psychic-gen3|
|teamsize|p1|6
|teamsize|p2|6
|gen|5
|tier|[Gen 5] OU
|rule|Species Clause: Limit one of each Pokémon
|rule|OHKO Clause: OHKO moves are banned
|rule|Moody Clause: Moody is banned
|rule|Evasion Moves Clause: Evasion moves are banned
|rule|Endless Battle Clause: Forcing endless battles is banned
|rule|HP Percentage Mod: HP is shown in percentages
|rule|Evasion Abilities Clause: Evasion abilities are banned
|rule|Sleep Clause: Sleep-inducing moves are banned
|rule|Swagger Clause: Swagger is banned
|clearpoke
|poke|p1|Alakazam, F|item
|poke|p1|Latios, M|item
|poke|p1|Gliscor, M|item
|poke|p1|Rotom-Wash|item
|poke|p1|Tyranitar, M|item
|poke|p1|Ferrothorn, F|item
|poke|p2|Skarmory, F|item
|poke|p2|Jellicent, M|item
|poke|p2|Tyranitar, F|item
|poke|p2|Heatran, F|item
|poke|p2|Latios, M|item
|poke|p2|Reuniclus, F|item
|teampreview
|inactive|Crystal_00 also wants the timer to be on.
|c|☆Padox|DerGrosseAlfred
|c|☆Crystal_00|glhf bro!
|c|☆Padox|same
|inactive|Padox has 270 seconds left.
|
|t:|1644176302
|start
|switch|p1a: Gliscor|Gliscor, M, shiny|100/100
|switch|p2a: Skarmory|Skarmory, F|100/100
|turn|1
|
|t:|1644176311
|move|p2a: Skarmory|Taunt|p1a: Gliscor
|-start|p1a: Gliscor|move: Taunt
|move|p1a: Gliscor|Facade|p2a: Skarmory
|-resisted|p2a: Skarmory
|-damage|p2a: Skarmory|93/100
|
|-status|p1a: Gliscor|tox|[from] item: Toxic Orb
|upkeep
|turn|2
|
|t:|1644176315
|switch|p1a: Rotom|Rotom-Wash, shiny|100/100
|move|p2a: Skarmory|Stealth Rock|p1a: Rotom
|-sidestart|p1: Padox|move: Stealth Rock
|
|upkeep
|turn|3
|
|t:|1644176320
|move|p2a: Skarmory|Spikes|p1a: Rotom
|-sidestart|p1: Padox|Spikes
|move|p1a: Rotom|Hydro Pump|p2a: Skarmory|[miss]
|-miss|p1a: Rotom|p2a: Skarmory
|
|upkeep
|turn|4
|
|t:|1644176327
|move|p2a: Skarmory|Spikes|p1a: Rotom
|-sidestart|p1: Padox|Spikes
|move|p1a: Rotom|Hydro Pump|p2a: Skarmory
|-damage|p2a: Skarmory|16/100
|
|upkeep
|turn|5
|-enditem|p2a: Skarmory|Custap Berry|[eat]
|-activate|p2a: Skarmory|item: Custap Berry|[consumed]
|
|t:|1644176333
|move|p2a: Skarmory|Brave Bird|p1a: Rotom
|-resisted|p1a: Rotom
|-damage|p1a: Rotom|78/100
|-damage|p2a: Skarmory|8/100|[from] Recoil
|move|p1a: Rotom|Volt Switch|p2a: Skarmory
|-supereffective|p2a: Skarmory
|-crit|p2a: Skarmory
|-damage|p2a: Skarmory|0 fnt
|faint|p2a: Skarmory
|
|t:|1644176362
|switch|p1a: Gliscor|Gliscor, M, shiny|100/100 tox|[from]move: Volt Switch
|-damage|p1a: Gliscor|88/100 tox|[from] Stealth Rock
|
|-heal|p1a: Gliscor|100/100 tox|[from] ability: Poison Heal
|upkeep
|
|t:|1644176386
|switch|p2a: Latios|Latios, M|100/100
|turn|6
|
|t:|1644176398
|move|p2a: Latios|Calm Mind|p2a: Latios
|-boost|p2a: Latios|spa|1
|-boost|p2a: Latios|spd|1
|move|p1a: Gliscor|Facade|p2a: Latios
|-damage|p2a: Latios|57/100
|
|upkeep
|turn|7
|
|t:|1644176409
|move|p2a: Latios|Surf|p1a: Gliscor
|-supereffective|p1a: Gliscor
|-damage|p1a: Gliscor|6/100 tox
|move|p1a: Gliscor|Facade|p2a: Latios
|-damage|p2a: Latios|16/100
|
|-heal|p1a: Gliscor|19/100 tox|[from] ability: Poison Heal
|upkeep
|turn|8
|
|t:|1644176415
|move|p2a: Latios|Recover|p2a: Latios
|-heal|p2a: Latios|67/100
|move|p1a: Gliscor|Facade|p2a: Latios
|-damage|p2a: Latios|26/100
|
|-heal|p1a: Gliscor|31/100 tox|[from] ability: Poison Heal
|upkeep
|turn|9
|
|t:|1644176417
|move|p2a: Latios|Surf|p1a: Gliscor
|-supereffective|p1a: Gliscor
|-crit|p1a: Gliscor
|-damage|p1a: Gliscor|0 fnt
|faint|p1a: Gliscor
|
|upkeep
|
|t:|1644176419
|switch|p1a: Alakazam|Alakazam, F, shiny|100/100
|turn|10
|
|t:|1644176429
|switch|p2a: Jellicent|Jellicent, M|100/100
|move|p1a: Alakazam|Signal Beam|p2a: Jellicent
|-resisted|p2a: Jellicent
|-damage|p2a: Jellicent|89/100
|-enditem|p2a: Jellicent|Eject Button
|c|☆Padox|knöpfchen
|c|☆Padox|zeig mal her
|c|☆Crystal_00|what does that mean?
|c|☆Padox|ask pasy
|inactive|Crystal_00 has 270 seconds left.
|c|☆Crystal_00|what?
|c|☆Padox|what?
|c|☆Crystal_00|ok lol
|
|t:|1644176481
|switch|p2a: Tyranitar|Tyranitar, F|100/100
|-weather|Sandstorm|[from] ability: Sand Stream|[of] p2a: Tyranitar
|
|-weather|Sandstorm|[upkeep]
|upkeep
|turn|11
|inactive|Crystal_00 has 240 seconds left.
|inactive|Crystal_00 disconnected and has 300 seconds to reconnect!
|player|p2|
|inactive|Crystal_00 has 270 seconds to reconnect!
|inactive|Crystal_00 reconnected and has 230 seconds left.
|player|p2|Crystal_00|psychic-gen3
|c|☆Crystal_00|sorry
|c|☆Crystal_00|my wifi was acting up
|inactive|Crystal_00 has 210 seconds left.
|
|t:|1644176582
|switch|p2a: Jellicent|Jellicent, M|89/100
|move|p1a: Alakazam|Focus Blast|p2a: Jellicent
|-immune|p2a: Jellicent
|
|-weather|Sandstorm|[upkeep]
|-damage|p2a: Jellicent|83/100|[from] Sandstorm
|upkeep
|turn|12
|
|t:|1644176593
|switch|p1a: Rotom|Rotom-Wash, shiny|78/100
|-damage|p1a: Rotom|66/100|[from] Stealth Rock
|move|p2a: Jellicent|Night Shade|p1a: Rotom
|-damage|p1a: Rotom|33/100
|
|-weather|Sandstorm|[upkeep]
|-damage|p2a: Jellicent|77/100|[from] Sandstorm
|-damage|p1a: Rotom|27/100|[from] Sandstorm
|-heal|p1a: Rotom|33/100|[from] item: Leftovers
|upkeep
|turn|13
|
|t:|1644176604
|move|p2a: Jellicent|Night Shade|p1a: Rotom
|-damage|p1a: Rotom|0 fnt
|faint|p1a: Rotom
|
|-weather|Sandstorm|[upkeep]
|-damage|p2a: Jellicent|71/100|[from] Sandstorm
|upkeep
|c|☆Padox|lol
|
|t:|1644176616
|switch|p1a: Latios|Latios, M, shiny|100/100
|-damage|p1a: Latios|88/100|[from] Stealth Rock
|turn|14
|
|t:|1644176623
|move|p1a: Latios|Surf|p2a: Jellicent
|-heal|p2a: Jellicent|96/100|[from] ability: Water Absorb|[of] p1a: Latios
|move|p2a: Jellicent|Recover|p2a: Jellicent
|-heal|p2a: Jellicent|100/100
|
|-weather|Sandstorm|[upkeep]
|-damage|p1a: Latios|82/100|[from] Sandstorm
|-damage|p2a: Jellicent|94/100|[from] Sandstorm
|upkeep
|turn|15
|c|☆Crystal_00|LOL
|
|t:|1644176631
|move|p1a: Latios|Surf|p2a: Jellicent
|-heal|p2a: Jellicent|100/100|[from] ability: Water Absorb|[of] p1a: Latios
|move|p2a: Jellicent|Will-O-Wisp|p1a: Latios|[miss]
|-miss|p2a: Jellicent|p1a: Latios
|
|-weather|Sandstorm|[upkeep]
|-damage|p1a: Latios|76/100|[from] Sandstorm
|-damage|p2a: Jellicent|94/100|[from] Sandstorm
|upkeep
|turn|16
|
|t:|1644176640
|move|p1a: Latios|Draco Meteor|p2a: Jellicent
|-damage|p2a: Jellicent|34/100
|-unboost|p1a: Latios|spa|2
|move|p2a: Jellicent|Night Shade|p1a: Latios
|-damage|p1a: Latios|43/100
|
|-weather|Sandstorm|[upkeep]
|-damage|p1a: Latios|37/100|[from] Sandstorm
|-damage|p2a: Jellicent|28/100|[from] Sandstorm
|upkeep
|turn|17
|
|t:|1644176645
|move|p1a: Latios|Roost|p1a: Latios
|-heal|p1a: Latios|87/100
|-singleturn|p1a: Latios|move: Roost
|move|p2a: Jellicent|Recover|p2a: Jellicent
|-heal|p2a: Jellicent|78/100
|
|-weather|Sandstorm|[upkeep]
|-damage|p1a: Latios|81/100|[from] Sandstorm
|-damage|p2a: Jellicent|72/100|[from] Sandstorm
|upkeep
|turn|18
|inactive|Crystal_00 has 270 seconds left.
|c|☆Crystal_00|colbur lati?
|
|t:|1644176657
|switch|p1a: Alakazam|Alakazam, F, shiny|100/100
|move|p2a: Jellicent|Night Shade|p1a: Alakazam
|-damage|p1a: Alakazam|61/100
|
|-weather|Sandstorm|[upkeep]
|-damage|p2a: Jellicent|65/100|[from] Sandstorm
|upkeep
|turn|19
|c|☆Padox|yes
|
|t:|1644176664
|move|p1a: Alakazam|Psychic|p2a: Jellicent
|-crit|p2a: Jellicent
|-damage|p2a: Jellicent|0 fnt
|faint|p2a: Jellicent
|
|-weather|Sandstorm|[upkeep]
|upkeep
|c|☆Crystal_00|i thought so
|inactive|Crystal_00 has 270 seconds left.
|c|☆Padox|am i allowed to just forfeit?
|c|☆Crystal_00|why would you want to?
|c|☆Padox|i wanna play radical red
|c|☆Padox|this is boring
|inactive|Crystal_00 has 240 seconds left.
|c|☆Crystal_00|sorry bro
|c|☆Crystal_00|i would suggest you keep playing
|c|☆Padox|ok
|c|☆Crystal_00|yup
|inactive|Crystal_00 has 210 seconds left.
|
|t:|1644176738
|switch|p2a: Reuniclus|Reuniclus, F, shiny|100/100
|turn|20
|
|t:|1644176744
|move|p1a: Alakazam|Signal Beam|p2a: Reuniclus
|-supereffective|p2a: Reuniclus
|-damage|p2a: Reuniclus|52/100
|move|p2a: Reuniclus|Trick Room|p2a: Reuniclus
|-fieldstart|move: Trick Room|[of] p2a: Reuniclus
|
|-weather|Sandstorm|[upkeep]
|upkeep
|turn|21
|
|t:|1644176752
|switch|p1a: Tyranitar|Tyranitar, M, shiny|100/100
|-damage|p1a: Tyranitar|84/100|[from] Spikes
|-damage|p1a: Tyranitar|71/100|[from] Stealth Rock
|move|p2a: Reuniclus|Signal Beam|p1a: Tyranitar
|-supereffective|p1a: Tyranitar
|-damage|p1a: Tyranitar|39/100
|
|-weather|Sandstorm|[upkeep]
|upkeep
|turn|22
|
|t:|1644176761
|move|p2a: Reuniclus|Focus Blast|p1a: Tyranitar
|-supereffective|p1a: Tyranitar
|-enditem|p1a: Tyranitar|Chople Berry|[eat]
|-enditem|p1a: Tyranitar|Chople Berry|[weaken]
|-damage|p1a: Tyranitar|0 fnt
|faint|p1a: Tyranitar
|
|-weather|Sandstorm|[upkeep]
|upkeep
|
|t:|1644176765
|switch|p1a: Latios|Latios, M, shiny|81/100
|-damage|p1a: Latios|69/100|[from] Stealth Rock
|turn|23
|
|t:|1644176769
|move|p2a: Reuniclus|Signal Beam|p1a: Latios
|-supereffective|p1a: Latios
|-damage|p1a: Latios|0 fnt
|faint|p1a: Latios
|
|-weather|Sandstorm|[upkeep]
|upkeep
|
|t:|1644176776
|switch|p1a: Ferrothorn|Ferrothorn, F, shiny|100/100
|-damage|p1a: Ferrothorn|94/100|[from] Stealth Rock
|-damage|p1a: Ferrothorn|78/100|[from] Spikes
|turn|24
|
|t:|1644176779
|move|p2a: Reuniclus|Focus Blast|p1a: Ferrothorn|[miss]
|-miss|p2a: Reuniclus|p1a: Ferrothorn
|move|p1a: Ferrothorn|Stealth Rock|p2a: Reuniclus
|-sidestart|p2: Crystal_00|move: Stealth Rock
|
|-weather|Sandstorm|[upkeep]
|-heal|p1a: Ferrothorn|84/100|[from] item: Leftovers
|-fieldend|move: Trick Room
|upkeep
|turn|25
|
|t:|1644176789
|move|p1a: Ferrothorn|Knock Off|p2a: Reuniclus
|-supereffective|p2a: Reuniclus
|-damage|p2a: Reuniclus|43/100
|-enditem|p2a: Reuniclus|Life Orb|[from] move: Knock Off|[of] p1a: Ferrothorn
|move|p2a: Reuniclus|Trick Room|p2a: Reuniclus
|-fieldstart|move: Trick Room|[of] p2a: Reuniclus
|
|-weather|Sandstorm|[upkeep]
|-heal|p1a: Ferrothorn|90/100|[from] item: Leftovers
|upkeep
|turn|26
|
|t:|1644176793
|move|p2a: Reuniclus|Focus Blast|p1a: Ferrothorn
|-supereffective|p1a: Ferrothorn
|-damage|p1a: Ferrothorn|31/100
|move|p1a: Ferrothorn|Spikes|p2a: Reuniclus
|-sidestart|p2: Crystal_00|Spikes
|
|-weather|Sandstorm|[upkeep]
|-heal|p1a: Ferrothorn|37/100|[from] item: Leftovers
|upkeep
|turn|27
|
|t:|1644176799
|move|p2a: Reuniclus|Focus Blast|p1a: Ferrothorn
|-supereffective|p1a: Ferrothorn
|-damage|p1a: Ferrothorn|0 fnt
|faint|p1a: Ferrothorn
|
|-weather|Sandstorm|[upkeep]
|upkeep
|
|t:|1644176801
|switch|p1a: Alakazam|Alakazam, F, shiny|61/100
|turn|28
|
|t:|1644176803
|move|p2a: Reuniclus|Signal Beam|p1a: Alakazam
|-supereffective|p1a: Alakazam
|-damage|p1a: Alakazam|0 fnt
|faint|p1a: Alakazam
|
|win|Crystal_00
|c|☆Padox|gg
|c|☆Crystal_00|gg
