|inactive|Battle timer is ON: inactive players will automatically lose when time's up.
|t:|1631360154
|gametype|singles
|player|p1|Alkione|lucas|
|player|p2|Ark|2|
|teamsize|p1|6
|teamsize|p2|6
|gen|5
|tier|[Gen 5] UU
|rule|Species Clause: Limit one of each Pokémon
|rule|OHKO Clause: OHKO moves are banned
|rule|Moody Clause: Moody is banned
|rule|Evasion Moves Clause: Evasion moves are banned
|rule|Endless Battle Clause: Forcing endless battles is banned
|rule|HP Percentage Mod: HP is shown in percentages
|rule|Evasion Abilities Clause: Evasion abilities are banned
|rule|Baton Pass Clause: Limit one Baton Passer, can't pass Spe and other stats simultaneously
|rule|Swagger Clause: Swagger is banned
|rule|Sleep Clause Mod: Limit one foe put to sleep
|clearpoke
|poke|p1|Cobalion|item
|poke|p1|Blastoise, F|item
|poke|p1|Roserade, M|item
|poke|p1|Gligar, M|item
|poke|p1|Victini|item
|poke|p1|Umbreon, F|item
|poke|p2|Gligar, F|item
|poke|p2|Heracross, F|item
|poke|p2|Raikou|item
|poke|p2|Togekiss, M|item
|poke|p2|Umbreon, M|item
|poke|p2|Zapdos|item
|teampreview
|c|+Pohjis|yo thats team europe
|c|☆Alkione|HF
|c|☆Ark|same
|c|+Lasen|sign-up for RoAlympics!
|inactive|Alkione has 270 seconds left.
|c|+ramolost|no
|
|t:|1631360212
|start
|switch|p1a: Cobalion|Cobalion|100/100
|switch|p2a: Togekiss|Togekiss, M|100/100
|turn|1
|c|+Corazan|kionee
|
|t:|1631360228
|move|p1a: Cobalion|Stone Edge|p2a: Togekiss
|-supereffective|p2a: Togekiss
|-crit|p2a: Togekiss
|-damage|p2a: Togekiss|20/100
|move|p2a: Togekiss|Thunder Wave|p1a: Cobalion
|-status|p1a: Cobalion|par
|-enditem|p1a: Cobalion|Lum Berry|[eat]
|-curestatus|p1a: Cobalion|par|[msg]
|
|-heal|p2a: Togekiss|26/100|[from] item: Leftovers
|upkeep
|turn|2
|
|t:|1631360239
|switch|p2a: Gligar|Gligar, F|100/100
|move|p1a: Cobalion|Hidden Power|p2a: Gligar
|-supereffective|p2a: Gligar
|-damage|p2a: Gligar|42/100
|
|upkeep
|turn|3
|c|+Corazan|stop it
|inactive|Ark has 270 seconds left.
|inactive|Ark has 240 seconds left.
|
|t:|1631360309
|move|p1a: Cobalion|Swords Dance|p1a: Cobalion
|-boost|p1a: Cobalion|atk|2
|move|p2a: Gligar|Stealth Rock|p1a: Cobalion
|-sidestart|p1: Alkione|move: Stealth Rock
|
|upkeep
|turn|4
|inactive|Ark has 240 seconds left.
|
|t:|1631360318
|move|p1a: Cobalion|Stone Edge|p2a: Gligar
|-damage|p2a: Gligar|15/100
|move|p2a: Gligar|Earthquake|p1a: Cobalion
|-supereffective|p1a: Cobalion
|-damage|p1a: Cobalion|50/100
|
|upkeep
|turn|5
|
|t:|1631360321
|move|p1a: Cobalion|Hidden Power|p2a: Gligar
|-supereffective|p2a: Gligar
|-crit|p2a: Gligar
|-damage|p2a: Gligar|0 fnt
|faint|p2a: Gligar
|
|upkeep
|inactive|Ark has 240 seconds left.
|
|t:|1631360342
|switch|p2a: Heracross|Heracross, F|100/100
|turn|6
|inactive|Ark has 240 seconds left.
|
|t:|1631360362
|move|p1a: Cobalion|Close Combat|p2a: Heracross
|-resisted|p2a: Heracross
|-damage|p2a: Heracross|26/100
|-unboost|p1a: Cobalion|def|1
|-unboost|p1a: Cobalion|spd|1
|move|p2a: Heracross|Close Combat|p1a: Cobalion
|-supereffective|p1a: Cobalion
|-damage|p1a: Cobalion|0 fnt
|-unboost|p2a: Heracross|def|1
|-unboost|p2a: Heracross|spd|1
|faint|p1a: Cobalion
|
|-heal|p2a: Heracross|32/100|[from] item: Leftovers
|upkeep
|
|t:|1631360373
|switch|p1a: Roserade|Roserade, M|100/100
|-damage|p1a: Roserade|88/100|[from] Stealth Rock
|turn|7
|inactive|Ark has 240 seconds left.
|
|t:|1631360381
|move|p1a: Roserade|Sludge Bomb|p2a: Heracross
|-damage|p2a: Heracross|0 fnt
|faint|p2a: Heracross
|
|upkeep
|
|t:|1631360385
|switch|p2a: Zapdos|Zapdos|100/100
|-ability|p2a: Zapdos|Pressure
|turn|8
|c|+basaninho|Tout va trop vite 
|
|t:|1631360398
|switch|p1a: Umbreon|Umbreon, F|100/100
|-damage|p1a: Umbreon|88/100|[from] Stealth Rock
|move|p2a: Zapdos|Heat Wave|p1a: Umbreon
|-damage|p1a: Umbreon|64/100
|-status|p1a: Umbreon|brn
|-activate|p1a: Umbreon|ability: Synchronize
|-status|p2a: Zapdos|brn
|-damage|p2a: Zapdos|91/100 brn|[from] item: Life Orb
|
|-heal|p1a: Umbreon|70/100 brn|[from] item: Leftovers
|-damage|p2a: Zapdos|78/100 brn|[from] brn
|-damage|p1a: Umbreon|58/100 brn|[from] brn
|upkeep
|turn|9
|
|t:|1631360409
|switch|p2a: Togekiss|Togekiss, M|26/100
|move|p1a: Umbreon|Wish|p1a: Umbreon
|
|-heal|p2a: Togekiss|32/100|[from] item: Leftovers
|-heal|p1a: Umbreon|64/100 brn|[from] item: Leftovers
|-damage|p1a: Umbreon|51/100 brn|[from] brn
|upkeep
|turn|10
|
|t:|1631360418
|move|p2a: Togekiss|Roost|p2a: Togekiss
|-heal|p2a: Togekiss|83/100
|-singleturn|p2a: Togekiss|move: Roost
|move|p1a: Umbreon|Heal Bell|p1a: Umbreon
|-activate|p1a: Umbreon|move: Heal Bell
|-curestatus|p1a: Umbreon|brn|[msg]
|
|-heal|p1a: Umbreon|100/100|[from] move: Wish|[wisher] Umbreon
|-heal|p2a: Togekiss|89/100|[from] item: Leftovers
|upkeep
|turn|11
|c|+ramolost|alki est trop trop nul
|inactive|Ark has 270 seconds left.
|
|t:|1631360424
|move|p2a: Togekiss|Nasty Plot|p2a: Togekiss
|-boost|p2a: Togekiss|spa|2
|move|p1a: Umbreon|Foul Play|p2a: Togekiss
|-damage|p2a: Togekiss|78/100
|
|-heal|p2a: Togekiss|84/100|[from] item: Leftovers
|upkeep
|turn|12
|
|t:|1631360432
|move|p2a: Togekiss|Air Slash|p1a: Umbreon
|-damage|p1a: Umbreon|71/100
|move|p1a: Umbreon|Wish|p1a: Umbreon
|
|-heal|p2a: Togekiss|90/100|[from] item: Leftovers
|-heal|p1a: Umbreon|77/100|[from] item: Leftovers
|upkeep
|turn|13
|
|t:|1631360439
|move|p2a: Togekiss|Nasty Plot|p2a: Togekiss
|-boost|p2a: Togekiss|spa|2
|move|p1a: Umbreon|Foul Play|p2a: Togekiss
|-damage|p2a: Togekiss|81/100
|
|-heal|p1a: Umbreon|100/100|[from] move: Wish|[wisher] Umbreon
|-heal|p2a: Togekiss|87/100|[from] item: Leftovers
|upkeep
|turn|14
|inactive|Alkione has 270 seconds left.
|
|t:|1631360495
|switch|p1a: Blastoise|Blastoise, F|100/100
|-damage|p1a: Blastoise|88/100|[from] Stealth Rock
|move|p2a: Togekiss|Air Slash|p1a: Blastoise
|-crit|p1a: Blastoise
|-damage|p1a: Blastoise|0 fnt
|faint|p1a: Blastoise
|
|-heal|p2a: Togekiss|94/100|[from] item: Leftovers
|upkeep
|inactive|Alkione has 240 seconds left.
|c|☆Alkione|!calc
|c|+Alkione|/raw <div class="infobox">Pok&eacute;mon Showdown! damage calculator. (Courtesy of Honko &amp; Austin)<br />- <a href="https://calc.pokemonshowdown.com/index.html">Damage Calculator</a></div>
|c|☆Ark|https://calc.pokemonshowdown.com/index.html?gen=5
|inactive|Alkione has 210 seconds left.
|c|+basaninho|On joue contre un bot
|c|+basaninho|Faut report
|c|+Pohjis|team france
|c|+ramolost|c grave zzzz
|inactive|Alkione has 180 seconds left.
|inactive|Alkione has 150 seconds left.
|c|+ramolost|i might be late this evening pohjis btw
|inactive|Alkione has 120 seconds left.
|
|t:|1631360628
|switch|p1a: Roserade|Roserade, M|88/100
|-damage|p1a: Roserade|76/100|[from] Stealth Rock
|turn|15
|c|+Pohjis|it is ok as long as u aint too late
|inactive|Alkione has 120 seconds left.
|
|t:|1631360640
|move|p1a: Roserade|Sleep Powder|p2a: Togekiss
|-status|p2a: Togekiss|slp|[from] move: Sleep Powder
|cant|p2a: Togekiss|slp
|
|-heal|p2a: Togekiss|99/100 slp|[from] item: Leftovers
|upkeep
|turn|16
|
|t:|1631360644
|switch|p1a: Victini|Victini|100/100
|-damage|p1a: Victini|76/100|[from] Stealth Rock
|cant|p2a: Togekiss|slp
|
|-heal|p2a: Togekiss|100/100 slp|[from] item: Leftovers
|upkeep
|turn|17
|c|+ramolost|i'll do my best
|
|t:|1631360658
|move|p1a: Victini|V-create|p2a: Togekiss
|-damage|p2a: Togekiss|39/100 slp
|-unboost|p1a: Victini|spe|1
|-unboost|p1a: Victini|def|1
|-unboost|p1a: Victini|spd|1
|-curestatus|p2a: Togekiss|slp|[msg]
|move|p2a: Togekiss|Thunder Wave|p1a: Victini
|-status|p1a: Victini|par
|
|-heal|p2a: Togekiss|45/100|[from] item: Leftovers
|upkeep
|turn|18
|c|+Corazan|disaster
|
|t:|1631360669
|move|p2a: Togekiss|Roost|p2a: Togekiss
|-heal|p2a: Togekiss|95/100
|-singleturn|p2a: Togekiss|move: Roost
|move|p1a: Victini|V-create|p2a: Togekiss
|-damage|p2a: Togekiss|40/100
|-unboost|p1a: Victini|spe|1
|-unboost|p1a: Victini|def|1
|-unboost|p1a: Victini|spd|1
|
|-heal|p2a: Togekiss|46/100|[from] item: Leftovers
|upkeep
|turn|19
|c|+ramolost|alki est nul cest grave
|
|t:|1631360675
|switch|p1a: Roserade|Roserade, M|76/100
|-damage|p1a: Roserade|64/100|[from] Stealth Rock
|move|p2a: Togekiss|Roost|p2a: Togekiss
|-heal|p2a: Togekiss|96/100
|-singleturn|p2a: Togekiss|move: Roost
|
|-heal|p2a: Togekiss|100/100|[from] item: Leftovers
|upkeep
|turn|20
|
|t:|1631360678
|move|p1a: Roserade|Sleep Powder|p2a: Togekiss
|-status|p2a: Togekiss|slp|[from] move: Sleep Powder
|cant|p2a: Togekiss|slp
|
|upkeep
|turn|21
|c|+Based Scythe|c foutu la team
|
|t:|1631360682
|switch|p1a: Victini|Victini|76/100 par
|-damage|p1a: Victini|51/100 par|[from] Stealth Rock
|cant|p2a: Togekiss|slp
|
|upkeep
|turn|22
|
|t:|1631360685
|-curestatus|p2a: Togekiss|slp|[msg]
|move|p2a: Togekiss|Air Slash|p1a: Victini
|-damage|p1a: Victini|0 fnt
|faint|p1a: Victini
|
|upkeep
|c|+ramolost|il est trop trop nul
|c|+BlazingDark ☾★|c'est les play off ?
|
|t:|1631360690
|switch|p1a: Roserade|Roserade, M|64/100
|-damage|p1a: Roserade|52/100|[from] Stealth Rock
|turn|23
|c|+ramolost|ouais
|
|t:|1631360694
|move|p1a: Roserade|Sludge Bomb|p2a: Togekiss
|-damage|p2a: Togekiss|46/100
|move|p2a: Togekiss|Air Slash|p1a: Roserade
|-supereffective|p1a: Roserade
|-crit|p1a: Roserade
|-damage|p1a: Roserade|0 fnt
|faint|p1a: Roserade
|
|-heal|p2a: Togekiss|52/100|[from] item: Leftovers
|upkeep
|
|t:|1631360698
|switch|p1a: Gligar|Gligar, M|100/100
|-damage|p1a: Gligar|88/100|[from] Stealth Rock
|turn|24
|c|☆Alkione|Gg
|
|t:|1631360704
|move|p2a: Togekiss|Roost|p2a: Togekiss
|-heal|p2a: Togekiss|100/100
|-singleturn|p2a: Togekiss|move: Roost
|move|p1a: Gligar|Stealth Rock|p2a: Togekiss
|-sidestart|p2: Ark|move: Stealth Rock
|
|upkeep
|turn|25
|c|+ramolost|mdrrr donc bomb fait 54 mais tu switch
|
|t:|1631360708
|move|p2a: Togekiss|Air Slash|p1a: Gligar
|-damage|p1a: Gligar|0 fnt
|faint|p1a: Gligar
|
|upkeep
|
|t:|1631360710
|switch|p1a: Umbreon|Umbreon, F|100/100
|-damage|p1a: Umbreon|88/100|[from] Stealth Rock
|turn|26
|c|+Based Scythe|il est pas scarf
|c|+Based Scythe|?
|inactive|Alkione has 210 seconds left.
|c|+basaninho|Mdddr
|c|☆Alkione|Idiot
|c|☆Alkione|Jsuis lock
|c|+Corazan|...........
|
|t:|1631360738
|move|p1a: Umbreon|Protect|p1a: Umbreon
|-singleturn|p1a: Umbreon|Protect
|move|p2a: Togekiss|Nasty Plot|p2a: Togekiss
|-boost|p2a: Togekiss|spa|2
|
|-heal|p1a: Umbreon|94/100|[from] item: Leftovers
|upkeep
|turn|27
|c|+ramolost|roh
|
|t:|1631360740
|move|p2a: Togekiss|Air Slash|p1a: Umbreon
|-damage|p1a: Umbreon|31/100
|move|p1a: Umbreon|Wish|p1a: Umbreon
|
|-heal|p1a: Umbreon|37/100|[from] item: Leftovers
|upkeep
|turn|28
|c|+basaninho|Ramo a la ramasse
|c|+Pohjis|.
|
|t:|1631360747
|move|p1a: Umbreon|Protect|p1a: Umbreon
|-singleturn|p1a: Umbreon|Protect
|move|p2a: Togekiss|Air Slash|p1a: Umbreon
|-activate|p1a: Umbreon|move: Protect
|
|-heal|p1a: Umbreon|87/100|[from] move: Wish|[wisher] Umbreon
|-heal|p1a: Umbreon|93/100|[from] item: Leftovers
|upkeep
|turn|29
|inactive|Alkione has 210 seconds left.
|
|t:|1631360754
|move|p2a: Togekiss|Air Slash|p1a: Umbreon
|-damage|p1a: Umbreon|33/100
|cant|p1a: Umbreon|flinch
|
|-heal|p1a: Umbreon|39/100|[from] item: Leftovers
|upkeep
|turn|30
|c|+ramolost|c bon ff frerot
|
|t:|1631360759
|move|p1a: Umbreon|Protect|p1a: Umbreon
|-singleturn|p1a: Umbreon|Protect
|move|p2a: Togekiss|Air Slash|p1a: Umbreon
|-activate|p1a: Umbreon|move: Protect
|
|-heal|p1a: Umbreon|45/100|[from] item: Leftovers
|upkeep
|turn|31
|
|t:|1631360762
|move|p2a: Togekiss|Air Slash|p1a: Umbreon
|-damage|p1a: Umbreon|0 fnt
|faint|p1a: Umbreon
|
|win|Ark
|c|☆Ark|gg
