|inactive|Battle timer is ON: inactive players will automatically lose when time's up.
|t:|1640131064
|gametype|singles
|player|p1|Cam|furisodegirl-black|
|player|p2|Lily|unknownf|
|teamsize|p1|6
|teamsize|p2|6
|gen|5
|tier|[Gen 5] UU
|rule|Species Clause: Limit one of each Pokémon
|rule|OHKO Clause: OHKO moves are banned
|rule|Moody Clause: Moody is banned
|rule|Evasion Moves Clause: Evasion moves are banned
|rule|Endless Battle Clause: Forcing endless battles is banned
|rule|HP Percentage Mod: HP is shown in percentages
|rule|Evasion Abilities Clause: Evasion abilities are banned
|rule|Swagger Clause: Swagger is banned
|rule|Sleep Clause Mod: Limit one foe put to sleep
|clearpoke
|poke|p1|Xatu, M|item
|poke|p1|Heracross, M|item
|poke|p1|Victini|item
|poke|p1|Bronzong|item
|poke|p1|Raikou|item
|poke|p1|Kingdra, F|item
|poke|p2|Azelf|item
|poke|p2|Accelgor, F|item
|poke|p2|Kingdra, M|item
|poke|p2|Linoone, F|item
|poke|p2|Mew|item
|poke|p2|Cobalion|item
|teampreview
|c|☆Cam|glhf
|c|☆Lily|u too
|inactive|Lily has 270 seconds left.
|
|t:|1640131107
|start
|switch|p1a: Xatu|Xatu, M|100/100
|switch|p2a: Ruby Delusions|Accelgor, F|100/100
|turn|1
|
|t:|1640131114
|move|p2a: Ruby Delusions|Final Gambit|p1a: Xatu
|-damage|p1a: Xatu|0 fnt
|faint|p2a: Ruby Delusions
|faint|p1a: Xatu
|
|upkeep
|
|t:|1640131122
|switch|p2a: Flying Battery|Azelf|100/100
|switch|p1a: Bronzong|Bronzong|100/100
|turn|2
|
|t:|1640131125
|move|p2a: Flying Battery|Stealth Rock|p1a: Bronzong
|-sidestart|p1: Cam|move: Stealth Rock
|move|p1a: Bronzong|Toxic|p2a: Flying Battery
|-status|p2a: Flying Battery|tox
|
|-damage|p2a: Flying Battery|94/100 tox|[from] psn
|upkeep
|turn|3
|
|t:|1640131127
|move|p2a: Flying Battery|Reflect|p2a: Flying Battery
|-sidestart|p2: Lily|Reflect
|move|p1a: Bronzong|Stealth Rock|p2a: Flying Battery
|-sidestart|p2: Lily|move: Stealth Rock
|
|-damage|p2a: Flying Battery|82/100 tox|[from] psn
|upkeep
|turn|4
|
|t:|1640131134
|switch|p2a: Metallic Madness|Cobalion|100/100
|-damage|p2a: Metallic Madness|97/100|[from] Stealth Rock
|switch|p1a: Kingdra|Kingdra, F|100/100
|-damage|p1a: Kingdra|88/100|[from] Stealth Rock
|
|upkeep
|turn|5
|
|t:|1640131139
|move|p2a: Metallic Madness|Swords Dance|p2a: Metallic Madness
|-boost|p2a: Metallic Madness|atk|2
|move|p1a: Kingdra|Dragon Dance|p1a: Kingdra
|-boost|p1a: Kingdra|atk|1
|-boost|p1a: Kingdra|spe|1
|
|upkeep
|turn|6
|
|t:|1640131142
|move|p1a: Kingdra|Substitute|p1a: Kingdra
|-start|p1a: Kingdra|Substitute
|-damage|p1a: Kingdra|63/100
|move|p2a: Metallic Madness|Close Combat|p1a: Kingdra
|-end|p1a: Kingdra|Substitute
|-unboost|p2a: Metallic Madness|def|1
|-unboost|p2a: Metallic Madness|spd|1
|
|upkeep
|turn|7
|
|t:|1640131148
|move|p1a: Kingdra|Substitute|p1a: Kingdra
|-start|p1a: Kingdra|Substitute
|-damage|p1a: Kingdra|39/100
|move|p2a: Metallic Madness|Iron Head|p1a: Kingdra
|-resisted|p1a: Kingdra
|-end|p1a: Kingdra|Substitute
|
|upkeep
|turn|8
|
|t:|1640131153
|move|p1a: Kingdra|Substitute|p1a: Kingdra
|-start|p1a: Kingdra|Substitute
|-damage|p1a: Kingdra|14/100
|move|p2a: Metallic Madness|Close Combat|p1a: Kingdra
|-end|p1a: Kingdra|Substitute
|-unboost|p2a: Metallic Madness|def|1
|-unboost|p2a: Metallic Madness|spd|1
|
|upkeep
|turn|9
|
|t:|1640131157
|move|p1a: Kingdra|Waterfall|p2a: Metallic Madness
|-damage|p2a: Metallic Madness|53/100
|move|p2a: Metallic Madness|Iron Head|p1a: Kingdra
|-resisted|p1a: Kingdra
|-damage|p1a: Kingdra|0 fnt
|faint|p1a: Kingdra
|
|upkeep
|
|t:|1640131166
|switch|p1a: Heracross|Heracross, M|100/100
|-damage|p1a: Heracross|88/100|[from] Stealth Rock
|turn|10
|
|t:|1640131171
|move|p1a: Heracross|Close Combat|p2a: Metallic Madness
|-supereffective|p2a: Metallic Madness
|-damage|p2a: Metallic Madness|0 fnt
|-unboost|p1a: Heracross|def|1
|-unboost|p1a: Heracross|spd|1
|faint|p2a: Metallic Madness
|-ability|p1a: Heracross|Moxie|boost
|-boost|p1a: Heracross|atk|1
|
|-sideend|p2: Lily|Reflect
|upkeep
|inactive|Lily has 270 seconds left.
|
|t:|1640131207
|switch|p2a: Flying Battery|Azelf|82/100 tox
|-damage|p2a: Flying Battery|69/100 tox|[from] Stealth Rock
|turn|11
|
|t:|1640131218
|move|p1a: Heracross|Close Combat|p2a: Flying Battery
|-resisted|p2a: Flying Battery
|-damage|p2a: Flying Battery|12/100 tox
|-unboost|p1a: Heracross|def|1
|-unboost|p1a: Heracross|spd|1
|move|p2a: Flying Battery|Reflect|p2a: Flying Battery
|-sidestart|p2: Lily|Reflect
|
|-damage|p2a: Flying Battery|6/100 tox|[from] psn
|upkeep
|turn|12
|
|t:|1640131222
|move|p1a: Heracross|Close Combat|p2a: Flying Battery
|-resisted|p2a: Flying Battery
|-damage|p2a: Flying Battery|0 fnt
|-unboost|p1a: Heracross|def|1
|-unboost|p1a: Heracross|spd|1
|faint|p2a: Flying Battery
|-ability|p1a: Heracross|Moxie|boost
|-boost|p1a: Heracross|atk|1
|
|upkeep
|
|t:|1640131231
|switch|p2a: Studiopolis|Mew|100/100
|-damage|p2a: Studiopolis|88/100|[from] Stealth Rock
|turn|13
|
|t:|1640131241
|switch|p1a: Victini|Victini|100/100
|-damage|p1a: Victini|76/100|[from] Stealth Rock
|move|p2a: Studiopolis|Rock Polish|p2a: Studiopolis
|-boost|p2a: Studiopolis|spe|2
|
|upkeep
|turn|14
|
|t:|1640131244
|move|p2a: Studiopolis|Nasty Plot|p2a: Studiopolis
|-boost|p2a: Studiopolis|spa|2
|move|p1a: Victini|Blue Flare|p2a: Studiopolis
|-damage|p2a: Studiopolis|30/100
|
|upkeep
|turn|15
|
|t:|1640131251
|move|p2a: Studiopolis|Psychic|p1a: Victini
|-resisted|p1a: Victini
|-crit|p1a: Victini
|-damage|p1a: Victini|0 fnt
|faint|p1a: Victini
|
|upkeep
|c|☆Lily|fuck
|c|☆Lily|sry
|c|☆Cam|np
|
|t:|1640131260
|switch|p1a: Bronzong|Bronzong|100/100
|-damage|p1a: Bronzong|94/100|[from] Stealth Rock
|turn|16
|
|t:|1640131262
|move|p2a: Studiopolis|Fire Blast|p1a: Bronzong
|-supereffective|p1a: Bronzong
|-damage|p1a: Bronzong|0 fnt
|faint|p1a: Bronzong
|
|upkeep
|
|t:|1640131269
|switch|p1a: Raikou|Raikou, shiny|100/100
|-damage|p1a: Raikou|88/100|[from] Stealth Rock
|-ability|p1a: Raikou|Pressure
|turn|17
|
|t:|1640131271
|move|p2a: Studiopolis|Psychic|p1a: Raikou
|-damage|p1a: Raikou|0 fnt
|faint|p1a: Raikou
|
|upkeep
|c|☆Cam|gg
|c|☆Lily|gg 
|-message|Cam forfeited.
|
|win|Lily
|c|☆Cam|have a good xmas
|c|☆Lily|u too man
